@article{Tai1979,
  title={{The tree-to-tree correction problem}},
  author={Tai, Kuo-Chung},
  journal={Journal of the ACM (JACM)},
  volume={26},
  number={3},
  pages={422--433},
  year={1979}, 
}

@article{Pawlik2011,
  title={{RTED: a robust algorithm for the tree edit distance}},
  author={Pawlik, Mateusz and Augsten, Nikolaus},
  journal={Proceedings of the VLDB Endowment},
  volume={5},
  number={4},
  pages={334--345},
  year={2011}, 
}

@inproceedings{Kumar2011_Bricolage,
  title={{Bricolage: example-based retargeting for web design}},
  author={Kumar, Ranjitha and Talton, Jerry O and Ahmad, Salman and Klemmer, Scott R},
  booktitle={Proceedings of the SIGCHI Conference on Human Factors in Computing Systems},
  pages={2197--2206},
  year={2011},
  organization={ACM}
}

@inproceedings{Kumar2011_FTM,
 author = {Kumar, Ranjitha and Talton, Jerry O. and Ahmad, Salman and Roughgarden, Tim and Klemmer, Scott R.},
 title = {{Flexible tree matching}},
 booktitle = {Proceedings of the Twenty-Second International Joint Conference on Artificial Intelligence (AAAI)}, 
 year = {2011}, 
} 

@inproceedings{reis2004automatic,
  title={Automatic web news extraction using tree edit distance},
  author={Reis, Davi de Castro and Golgher, Paulo Braz and Silva, Altigran Soares and Laender, AlbertoF},
  booktitle={Proceedings of the 13th international conference on World Wide Web},
  pages={502--511},
  year={2004},
  organization={ACM}
}

@inproceedings{fokaefs2011empirical,
  title={An empirical study on web service evolution},
  author={Fokaefs, Marios and Mikhaiel, Rimon and Tsantalis, Nikolaos and Stroulia, Eleni and Lau, Alex},
  booktitle={2011 IEEE International Conference on Web Services},
  pages={49--56},
  year={2011},
  organization={IEEE}
}

@inproceedings{hao2007web,
  title={Web services discovery based on schema matching},
  author={Hao, Yanan and Zhang, Yanchun},
  booktitle={Proceedings of the thirtieth Australasian conference on Computer science-Volume 62},
  pages={107--113},
  year={2007},
  organization={Australian Computer society, Inc.}
}

@inproceedings{yao2013answer,
  title={Answer extraction as sequence tagging with tree edit distance},
  author={Yao, Xuchen and Van Durme, Benjamin and Callison-Burch, Chris and Clark, Peter},
  booktitle={Proceedings of the 2013 conference of the North American chapter of the association for computational linguistics: human language technologies},
  pages={858--867},
  year={2013}
}

@inproceedings{zhai2005web,
  title={Web data extraction based on partial tree alignment},
  author={Zhai, Yanhong and Liu, Bing},
  booktitle={Proceedings of the 14th international conference on World Wide Web},
  pages={76--85},
  year={2005},
  organization={ACM}
}
@article{jiang1995alignment,
  title={Alignment of trees—an alternative to tree edit},
  author={Jiang, Tao and Wang, Lusheng and Zhang, Kaizhong},
  journal={Theoretical Computer Science},
  volume={143},
  number={1},
  pages={137--148},
  year={1995},
  publisher={Elsevier}
}
@inproceedings{valiente2001efficient,
  title={An Efficient Bottom-Up Distance between Trees.},
  author={Valiente, Gabriel},
  booktitle={spire},
  pages={212--219},
  year={2001}
}

@article{stocco2017apogen,
  title={APOGEN: automatic page object generator for web testing},
  author={Stocco, Andrea and Leotta, Maurizio and Ricca, Filippo and Tonella, Paolo},
  journal={Software Quality Journal},
  volume={25},
  number={3},
  pages={1007--1039},
  year={2017},
  publisher={Springer}
}

@inproceedings{bringmann2018tree,
  title={Tree edit distance cannot be computed in strongly subcubic time (unless APSP can)},
  author={Bringmann, Karl and Gawrychowski, Pawe{\l} and Mozes, Shay and Weimann, Oren},
  booktitle={Proceedings of the Twenty-Ninth Annual ACM-SIAM Symposium on Discrete Algorithms},
  pages={1190--1206},
  year={2018},
  organization={Society for Industrial and Applied Mathematics}
}
@article{zhang1995algorithms,
  title={Algorithms for the constrained editing distance between ordered labeled trees and related problems},
  author={Zhang, Kaizhong},
  journal={Pattern recognition},
  volume={28},
  number={3},
  pages={463--474},
  year={1995},
  publisher={Elsevier}
}

@article{zhang1996constrained,
  title={A constrained edit distance between unordered labeled trees},
  author={Zhang, Kaizhong},
  journal={Algorithmica},
  volume={15},
  number={3},
  pages={205--222},
  year={1996},
  publisher={Springer}
}
@inproceedings{jiang1994alignment,
  title={Alignment of trees—an alternative to tree edit},
  author={Jiang, Tao and Wang, Lusheng and Zhang, Kaizhong},
  booktitle={Annual Symposium on Combinatorial Pattern Matching},
  pages={75--86},
  year={1994},
  organization={Springer}
}
@article{selkow1977tree,
  title={The tree-to-tree editing problem},
  author={Selkow, Stanley M},
  journal={Information processing letters},
  volume={6},
  number={6},
  pages={184--186},
  year={1977},
  publisher={Elsevier}
}

@inproceedings{valiente2001efficient,
  title={An Efficient Bottom-Up Distance between Trees.},
  author={Valiente, Gabriel},
  booktitle={spire},
  pages={212--219},
  year={2001}
}

@article{kipf2016semi,
  title={Semi-supervised classification with graph convolutional networks},
  author={Kipf, Thomas N and Welling, Max},
  journal={arXiv preprint arXiv:1609.02907},
  year={2016}
}

@article{christen2011survey,
  title={A survey of indexing techniques for scalable record linkage and deduplication},
  author={Christen, Peter},
  journal={IEEE transactions on knowledge and data engineering},
  volume={24},
  number={9},
  pages={1537--1555},
  year={2011},
  publisher={IEEE}
}

@inproceedings{steorts2014comparison,
  title={A comparison of blocking methods for record linkage},
  author={Steorts, Rebecca C and Ventura, Samuel L and Sadinle, Mauricio and Fienberg, Stephen E},
  booktitle={International Conference on Privacy in Statistical Databases},
  pages={253--268},
  year={2014},
  organization={Springer}
}

@inproceedings{datar2004locality,
  title={Locality-sensitive hashing scheme based on p-stable distributions},
  author={Datar, Mayur and Immorlica, Nicole and Indyk, Piotr and Mirrokni, Vahab S},
  booktitle={Proceedings of the twentieth annual symposium on Computational geometry},
  pages={253--262},
  year={2004},
  organization={ACM}
}

@article{metropolis1953equation,
  title={Equation of state calculations by fast computing machines},
  author={Metropolis, Nicholas and Rosenbluth, Arianna W and Rosenbluth, Marshall N and Teller, Augusta H and Teller, Edward},
  journal={The journal of chemical physics},
  volume={21},
  number={6},
  pages={1087--1092},
  year={1953},
  publisher={AIP}
}

@inproceedings{choudhary2011water,
  title={Water: Web application test repair},
  author={Choudhary, Shauvik Roy and Zhao, Dan and Versee, Husayn and Orso, Alessandro},
  booktitle={Proceedings of the First International Workshop on End-to-End Test Script Engineering},
  pages={24--29},
  year={2011},
  organization={ACM}
}

@article{pawlik2016tree,
  title={Tree edit distance: Robust and memory-efficient},
  author={Pawlik, Mateusz and Augsten, Nikolaus},
  journal={Information Systems},
  volume={56},
  pages={157--173},
  year={2016},
  publisher={Elsevier}
}

@article{pawlik2015efficient,
  title={Efficient computation of the tree edit distance},
  author={Pawlik, Mateusz and Augsten, Nikolaus},
  journal={ACM Transactions on Database Systems (TODS)},
  volume={40},
  number={1},
  pages={1--40},
  year={2015},
  publisher={ACM New York, NY, USA}
}
@article{augsten2008pq,
  title={The pq-gram distance between ordered labeled trees},
  author={Augsten, Nikolaus and B{\"o}hlen, Michael and Gamper, Johann},
  journal={ACM Transactions on Database Systems (TODS)},
  volume={35},
  number={1},
  pages={1--36},
  year={2008},
  publisher={ACM New York, NY, USA}
}