@article{He2016,
    title = {{Experience Report: System Log Analysis for Anomaly Detection}},
    year = {2016},
    author = {He, Shilin and Zhu, Jieming and He, Pinjia and Lyu, Michael R},
    url = {https://github.com/cuhk-cse/logparser},
    doi = {10.1109/ISSRE.2016.21}
}

@techreport{Press2017,
    title = {{Language Generation with Recurrent Generative Adversarial Networks without Pre-training}},
    year = {2017},
    author = {Press, Ofir and Bar, Amir and Bogin, Ben and Berant, Jonathan and Wolf, Lior},
    url = {https://github.com/amirbar/rnn.wgan},
    arxivId = {1706.01399v3}
}

@misc{2015-EuroGP-LearningTextPatternsSeparateAndConquerGP.pdf,
    title = {{2015-EuroGP-LearningTextPatternsSeparateAndConquerGP.pdf}},
    url = {https://docs.google.com/viewer?a=v&pid=sites&srcid=ZGVmYXVsdGRvbWFpbnxtYWNoaW5lbGVhcm5pbmd0c3xneDozYmEyZTAwZGIwYTVlNWQ3}
}

@inproceedings{Zhu20052DExtraction,
    title = {{2D conditional random fields for Web information extraction}},
    year = {2005},
    booktitle = {ICML 2005 - Proceedings of the 22nd International Conference on Machine Learning},
    author = {Zhu, Jun and Nie, Zaiqing and Wen, Ji Rong and Zhang, Bo and Ma, Wei Ying},
    pages = {1049--1056},
    isbn = {1595931805},
    doi = {10.1145/1102351.1102483}
}

@article{Leotta2016spanLocators,
    title = {{<span style="font-variant:small-caps;">Robula+</span> : an algorithm for generating robust XPath locators for web testing: ROBULA+: An Algorithm for Generating Robust XPath Locators}},
    year = {2016},
    journal = {Journal of Software: Evolution and Process},
    author = {Leotta, Maurizio and Stocco, Andrea and Ricca, Filippo and Tonella, Paolo},
    number = {3},
    month = {6},
    pages = {177--204},
    volume = {28},
    url = {http://doi.wiley.com/10.1002/smr.1771 http://files/200/Leotta et al. - 2016 - span style=font-variantsmall-caps Robula+sp.pdf},
    doi = {10.1002/smr.1771},
    issn = {20477473},
    language = {en}
}

@article{Nayrolles2017ATraces,
    title = {{A bug reproduction approach based on directed model checking and crash traces: Reproducing Bug with Directed Model Checking and Crash Traces}},
    year = {2017},
    journal = {Journal of Software: Evolution and Process},
    author = {Nayrolles, Mathieu and Hamou-Lhadj, Abdelwahab and Tahar, Sofiène and Larsson, Alf},
    number = {3},
    month = {3},
    pages = {e1789},
    volume = {29},
    url = {http://doi.wiley.com/10.1002/smr.1789 http://files/260/Nayrolles et al. - 2017 - A bug reproduction approach based on directed mode.pdf},
    doi = {10.1002/smr.1789},
    issn = {20477473},
    language = {en}
}

@inproceedings{Lee2006AMethod,
    title = {{A classifying web page templates model based on fuzzy k-means clustering method}},
    year = {2006},
    booktitle = {2006 World Automation Congress, WAC'06},
    author = {Lee, Huey Ming and Mao, Ching Hao and Shih, Yao Jen and Chen, Pin Jen and Hsu, Mu Hsiu and Su, Jin Shieh},
    isbn = {1889335339},
    doi = {10.1109/WAC.2006.376020},
    keywords = {Fuzzy k-means clustering, Web page template}
}

@article{GrottkeAFaults,
    title = {{A Classiﬁcation of Software Faults}},
    author = {Grottke, Michael and Trivedi, Kishor S},
    pages = {2},
    url = {http://files/316/Grottke et Trivedi - A Classiﬁcation of Software Faults.pdf},
    language = {en}
}

@techreport{Lipton2015ALearning,
    title = {{A Critical Review of Recurrent Neural Networks for Sequence Learning}},
    year = {2015},
    author = {Lipton, Zachary C and Berkowitz, John and Elkan, Charles},
    url = {https://arxiv.org/pdf/1506.00019.pdf},
    arxivId = {1506.00019v4}
}

@inproceedings{Silva2006ARemoval,
    title = {{A fast and robust method for web page template detection and removal}},
    year = {2006},
    booktitle = {International Conference on Information and Knowledge Management, Proceedings},
    author = {Silva, Altigran S and Pinto, Nick and Moura, Edleno S De and Freire, M B Cavalcanti Juliana and Vieira, Karane and Da Silva, Altigran S. and Pinto, Nick and De Moura, Edleno S. and Ao, Jõ and Cavalcanti, M B and Freire, Juliana and Cavalcanti, Joo M.B. and Freire, Juliana},
    pages = {258--267},
    publisher = {ACM Press},
    url = {http://portal.acm.org/citation.cfm?doid=1183614.1183654},
    address = {New York, New York, USA},
    isbn = {1595934332},
    doi = {10.1145/1183614.1183654},
    keywords = {Experimentation Keywords Web template extraction, H3 [Information Storage and Retrieval]: Informatio, Web page noise removal, Web template extraction, web page noise removal, web template extraction}
}

@article{FitrianahAMap,
    title = {{A Fast Method for Multiple Data Source Record Linkage Using Hash Map}},
    author = {Fitrianah, Devi and Zen, Remmy A M and Hidayanto, Achmad Nizar and Arymurthy, Aniati Murni},
    pages = {7},
    url = {http://files/215/Fitrianah et al. - A Fast Method for Multiple Data Source Record Link.pdf},
    language = {en}
}

@article{Frasconi1998AStructures,
    title = {{A general framework for adaptive processing of data structures}},
    year = {1998},
    journal = {IEEE Transactions on Neural Networks},
    author = {Frasconi, P and Gori, M and Sperduti, A},
    number = {5},
    month = {12},
    pages = {768--786},
    volume = {9},
    url = {http://ieeexplore.ieee.org/document/712151/ http://files/377/Frasconi et al. - 1998 - A general framework for adaptive processing of dat.pdf},
    doi = {10.1109/72.712151},
    issn = {10459227},
    keywords = {AI, Computer Science},
    language = {en}
}

@techreport{Bunke1998ASubgraph,
    title = {{A graph distance metric based on the maximal common subgraph}},
    year = {1998},
    booktitle = {Pattern Recognition Letters},
    author = {Bunke, Horst and Shearer, Kim},
    pages = {255--259},
    volume = {19},
    keywords = {Distance measure, Error-tolerant graph matching, Graph edit distance, Maximal common subgraph, Metric}
}

@article{Xie2009ABehaviors,
    title = {{A Large-Scale Hidden Semi-Markov Model for Anomaly Detection on User Browsing Behaviors}},
    year = {2009},
    journal = {IEEE/ACM Transactions on Networking},
    author = {Xie, Yi and Yu, Shun-Zheng},
    number = {1},
    month = {12},
    pages = {54--65},
    volume = {17},
    url = {http://ieeexplore.ieee.org/document/4515888/ http://files/359/Yi Xie et Shun-Zheng Yu - 2009 - A Large-Scale Hidden Semi-Markov Model for Anomaly.pdf},
    doi = {10.1109/TNET.2008.923716},
    issn = {1063-6692, 1558-2566},
    language = {en}
}

@inproceedings{Menasce1999ASites,
    title = {{A methodology for workload characterization of E-commerce sites}},
    year = {1999},
    booktitle = {the 1st ACM conference},
    author = {Menasc{\'{e}}, Daniel A and Almeida, Virgilio A F and Fonseca, Rodrigo and Mendes, Marco A},
    month = {2},
    pages = {119--128},
    publisher = {ACM Press},
    url = {http://portal.acm.org/citation.cfm?doid=336992.337024 http://files/269/Menascé et al. - 1999 - A methodology for workload characterization of E-c.pdf},
    isbn = {978-1-58113-176-5},
    doi = {10.1145/336992.337024},
    language = {en}
}

@article{Lee2007ABEHAVIOR,
    title = {{A NEW TRAFFIC MODEL FOR CURRENT USER WEB BROWSING BEHAVIOR}},
    year = {2007},
    author = {Lee, Jeongeun Julie and Gupta, Maruti},
    pages = {7},
    url = {http://files/357/Lee et Gupta - 2007 - A NEW TRAFFIC MODEL FOR CURRENT USER WEB BROWSING .pdf},
    language = {en}
}

@article{Uzun2020APages,
    title = {{A Novel Web Scraping Approach Using the Additional Information Obtained from Web Pages}},
    year = {2020},
    journal = {IEEE Access},
    author = {Uzun, Erdinc},
    doi = {10.1109/ACCESS.2020.2984503},
    issn = {21693536},
    keywords = {Computational efficiency, algorithm design and analysis, document object model, web crawling and scraping}
}

@article{Donnarumma2015AControl,
    title = {{A Programmer-Interpreter Neural Network Architecture for Prefrontal Cognitive Control}},
    year = {2015},
    journal = {Article in International Journal of Neural Systems},
    author = {Donnarumma, Francesco and Chersi, Fabian and Pezzulo, Giovanni and Prevete, Roberto},
    url = {https://www.researchgate.net/publication/273912337},
    doi = {10.1142/S0129065715500173},
    keywords = {Cognitive Control, Computational model, Pre-frontal Cortex, Programmable Neural Networks}
}

@article{Levin2000AStrategies,
    title = {{A stochastic model of human-machine interaction for learning dialog strategies}},
    year = {2000},
    journal = {IEEE Transactions on Speech and Audio Processing},
    author = {Levin, E and Pieraccini, R and Eckert, W},
    number = {1},
    month = {1},
    pages = {11--23},
    volume = {8},
    url = {http://ieeexplore.ieee.org/document/817450/ http://files/342/Levin et al. - 2000 - A stochastic model of human-machine interaction fo.pdf},
    doi = {10.1109/89.817450},
    issn = {10636676},
    language = {en}
}

@article{Rahm2001AMatching,
    title = {{A survey of approaches to automatic schema matching}},
    year = {2001},
    journal = {VLDB Journal},
    author = {Rahm, Erhard and Bernstein, Philip A.},
    number = {4},
    pages = {334--350},
    volume = {10},
    doi = {10.1007/s007780100057},
    issn = {10668888},
    keywords = {Graph matching, Machine learning, Model management, Schema integration, Schema matching}
}

@article{Christen2012ADeduplication,
    title = {{A Survey of Indexing Techniques for Scalable Record Linkage and Deduplication}},
    year = {2012},
    journal = {IEEE Transactions on Knowledge and Data Engineering},
    author = {Christen, Peter},
    number = {9},
    month = {6},
    pages = {1537--1555},
    volume = {24},
    url = {http://ieeexplore.ieee.org/document/5887335/ http://files/209/Christen - 2012 - A Survey of Indexing Techniques for Scalable Recor.pdf},
    doi = {10.1109/TKDE.2011.127},
    issn = {1041-4347},
    language = {en}
}

@techreport{Allamanis2018ANaturalness,
    title = {{A Survey of Machine Learning for Big Code and Naturalness}},
    year = {2018},
    author = {Allamanis, Miltiadis and Sutton, Charles},
    url = {http://learnbigcode.github.io/.},
    arxivId = {1709.06182v2},
    keywords = {Additional Key Words and Phrases: Big Code, Code Naturalness, Software Engineering Tools, Machine Learn-ing, CCS Concepts: • Computing methodologies → Machine learning, Natural language processing, • General and reference → Surveys and overviews, • Soft-ware and its engineering → Software notations and tools}
}

@techreport{Chang2006ASystems,
    title = {{A Survey of Web Information Extraction Systems}},
    year = {2006},
    booktitle = {IEEE Transactions on Knowledge and Data Engineering},
    author = {Chang, Chia-Hui and Kayed, Mohammed and Girgis, M R and Shaalan, Khaled F and Girgis, Ramzy and Shaalan, Khaled F},
    number = {10},
    month = {4},
    pages = {1411--1428},
    volume = {18},
    url = {http://ieeexplore.ieee.org/document/1683775/ http://files/237/Chia-Hui Chang et al. - 2006 - A Survey of Web Information Extraction Systems.pdf},
    doi = {10.1109/TKDE.2006.152},
    issn = {1041-4347},
    keywords = {Index Terms-Information Extraction, Web Mining, Wrapper, Wrapper Induction},
    language = {en}
}

@techreport{YinAGeneration,
    title = {{A Syntactic Neural Model for General-Purpose Code Generation}},
    author = {Yin, Pengcheng and Neubig, Graham},
    url = {https://arxiv.org/pdf/1704.01696.pdf},
    arxivId = {1704.01696v1}
}

@inproceedings{Gunduz2003AUser,
    title = {{A Web Page Prediction Model Based on Click-Stream Tree Representation Of User}},
    year = {2003},
    author = {Gunduz, Sule and Ozsu, M Tamer},
    pages = {535--540},
    url = {http://files/355/Gunduz et Ozsu - 2003 - A Web Page Prediction Model Based on Click-Stream .pdf http://files/356/summary.html}
}

@article{Tsantalis2018AccurateHistory,
    title = {{Accurate and efficient refactoring detection in commit history}},
    year = {2018},
    author = {Tsantalis, Nikolaos and Mansouri, Matin and Eshkevari, Laleh M. and Mazinanian, Davood and Dig, Danny},
    pages = {483--494},
    isbn = {9781450356381},
    doi = {10.1145/3180155.3180206},
    keywords = {abstract syntax tree, accuracy, commit, git, oracle, refactoring}
}

@article{Donnarumma2017ActionTesting,
    title = {{Action perception as hypothesis testing}},
    year = {2017},
    journal = {Cortex},
    author = {Donnarumma, Francesco and Costantini, Marcello and Ambrosini, Ettore and Friston, Karl and Pezzulo, Giovanni},
    isbn = {3908122031},
    doi = {10.1016/j.cortex.2017.01.016},
    issn = {19738102},
    pmid = {8557449},
    keywords = {Action observation, Active inference, Active perception, Hypothesis testing, Motor prediction}
}

@article{Hehman2015AdvancedScience,
    title = {{Advanced mouse-tracking analytic techniques for enhancing psychological science}},
    year = {2015},
    journal = {Group Processes {\&} Intergroup Relations},
    author = {Hehman, Eric and Stolier, Ryan M and Freeman, Jonathan B},
    number = {3},
    month = {1},
    pages = {384--401},
    volume = {18},
    url = {http://journals.sagepub.com/doi/10.1177/1368430214538325 http://files/340/Hehman et al. - 2015 - Advanced mouse-tracking analytic techniques for en.pdf},
    doi = {10.1177/1368430214538325},
    issn = {1368-4302, 1461-7188},
    language = {en}
}

@article{Tao1994AlignmentEdit,
    title = {{Alignment of trees - An alternative to tree edit}},
    year = {1994},
    journal = {Lecture Notes in Computer Science (including subseries Lecture Notes in Artificial Intelligence and Lecture Notes in Bioinformatics)},
    author = {Tao, Jiang and Wang, Lusheng and Zhang, Kaizhong},
    pages = {75--86},
    volume = {807 LNCS},
    isbn = {9783540580942},
    doi = {10.1016/0304-3975(95)80015-8},
    issn = {16113349}
}

@techreport{JiangAlignmentEdit,
    title = {{Alignment of trees-an alternative to tree edit}},
    booktitle = {Theoretical Computer Scien,{\~{}}},
    author = {Jiang, Tao and Wang, Lusheng and Zhang, Kaizhong},
    pages = {137--148},
    volume = {14311995}
}

@article{PandyaAnInteraction,
    title = {{An Abstract Study of Different Areas and Challenges in Human Computer Interaction}},
    author = {Pandya, Pratik H},
    number = {4},
    pages = {5},
    volume = {5},
    url = {http://files/323/Pandya - An Abstract Study of Different Areas and Challenge.pdf},
    language = {en}
}

@article{Jia2011AnTesting,
    title = {{An Analysis and Survey of the Development of Mutation Testing}},
    year = {2011},
    journal = {IEEE Transactions on Software Engineering},
    author = {Jia, Y and Harman, M},
    number = {5},
    pages = {649--678},
    volume = {37},
    url = {http://files/194/Jia et Harman - 2011 - An Analysis and Survey of the Development of Mutat.pdf http://files/193/5487526.html},
    doi = {10.1109/TSE.2010.62},
    issn = {0098-5589},
    keywords = {Automata, Books, Computer languages, Educational institutions, Fault detection, Genetic mutations, History, Java, Mutation testing, Programming profession, Software testing, comprehensive analysis, development trend analysis, empirical results, fault diagnosis, fault-based software testing technique, mutation testing development, mutation testing technique, mutation testing tool, program testing, survey.}
}

@techreport{MlynkovaAn,
    title = {{An Analysis of Approaches to XML Schema Inference *}},
    author = {Ml´ynkov{\'{a}}, Irena Ml´ynková}
}

@techreport{ValienteAnTrees,
    title = {{An Efficient Bottom-Up Distance between Trees}},
    author = {Valiente, Gabriel},
    keywords = {combi-natorial problems, design and analysis of algorithms, edit distance, graph algorithms, largest common forest, metric space, pattern matching, subtree isomorphism, tree isomorphism, tree pattern matching}
}

@inproceedings{Zheng2011AnMovements,
    title = {{An efficient user verification system via mouse movements}},
    year = {2011},
    booktitle = {the 18th ACM conference},
    author = {Zheng, Nan and Paloski, Aaron and Wang, Haining},
    month = {1},
    pages = {139},
    publisher = {ACM Press},
    url = {http://dl.acm.org/citation.cfm?doid=2046707.2046725 http://files/333/Zheng et al. - 2011 - An efficient user verification system via mouse mo.pdf},
    isbn = {978-1-4503-0948-6},
    doi = {10.1145/2046707.2046725},
    language = {en}
}

@techreport{VanDeMeent2018AnProgramming,
    title = {{An Introduction to Probabilistic Programming}},
    year = {2018},
    author = {Van De Meent, Jan-Willem and Paige, Brooks and Yang, Hongseok and Wood, Frank},
    url = {https://arxiv.org/pdf/1809.10756.pdf},
    arxivId = {arXiv:1809.10756v1}
}

@book{Dusetzina2014AnMethods,
    title = {{An Overview of Record Linkage Methods}},
    year = {2014},
    author = {Dusetzina, Stacie B and Tyree, Seth and Meyer, Anne-Marie and Meyer, Adrian and Green, Laura and Carpenter, William R},
    month = {5},
    publisher = {Agency for Healthcare Research and Quality (US)},
    url = {https://www.ncbi.nlm.nih.gov/books/NBK253312/ http://files/214/NBK253312.html},
    language = {en}
}

@inproceedings{Hartmann2017AnalyzingGraphs,
    title = {{Analyzing Complex Data in Motion at Scale with Temporal Graphs}},
    year = {2017},
    booktitle = {The 29th International Conference on Software Engineering and Knowledge Engineering},
    author = {Hartmann, Thomas and Fouquet, Francois and Jimenez, Matthieu and Rouvoy, Romain and Traon, Yves Le},
    month = {1},
    pages = {596--601},
    url = {http://ksiresearchorg.ipage.com/seke/seke17paper/seke17paper_48.pdf http://files/343/Hartmann et al. - 2017 - Analyzing Complex Data in Motion at Scale with Tem.pdf},
    doi = {10.18293/SEKE2017-048},
    language = {en}
}

@inproceedings{Bourhis2016AnalyzingHow-to,
    title = {{Analyzing data-centric applications: Why, what-if, and how-to}},
    year = {2016},
    booktitle = {2016 IEEE 32nd International Conference on Data Engineering (ICDE)},
    author = {Bourhis, Pierre and Deutch, Daniel and Moskovitch, Yuval},
    month = {4},
    pages = {779--790},
    publisher = {IEEE},
    url = {http://ieeexplore.ieee.org/document/7498289/ http://files/225/Bourhis et al. - 2016 - Analyzing data-centric applications Why, what-if,.pdf},
    isbn = {978-1-5090-2020-1},
    doi = {10.1109/ICDE.2016.7498289},
    language = {en}
}

@article{Calcagni2017AnalyzingApproach,
    title = {{Analyzing spatial data from mouse tracker methodology: An entropic approach}},
    year = {2017},
    journal = {Behavior Research Methods},
    author = {Calcagn{\`{i}}, Antonio and Lombardi, Luigi and Sulpizio, Simone},
    number = {6},
    pages = {2012--2030},
    volume = {49},
    doi = {10.3758/s13428-016-0839-5},
    issn = {15543528},
    pmid = {28078571},
    keywords = {Aimed movements, Entropy analysis, Mouse tracking, Movement trajectories, Spatial data}
}

@article{Guha2002ApproximateJoins,
    title = {{Approximate XML joins}},
    year = {2002},
    journal = {Proceedings of the ACM SIGMOD International Conference on Management of Data},
    author = {Guha, Sudipto and Jagadish, H. V. and Koudas, Nick and Srivastava, Divesh and Yu, Ting},
    pages = {287--298},
    isbn = {1581134975},
    doi = {10.1145/564691.564725},
    issn = {07308078}
}

@article{FeiArgus:Detection,
    title = {{Argus: Online Statistical Bug Detection}},
    author = {Fei, Long and Lee, Kyungwoo and Li, Fei and Midkiﬀ, Samuel P},
    pages = {16},
    url = {http://files/317/Fei et al. - Argus Online Statistical Bug Detection.pdf},
    language = {en}
}

@inproceedings{Jalbert2008AutomatedSystems,
    title = {{Automated duplicate detection for bug tracking systems}},
    year = {2008},
    booktitle = {2008 IEEE International Conference on Dependable Systems and Networks With FTCS and DCC (DSN)},
    author = {Jalbert, Nicholas and Weimer, Westley},
    month = {2},
    pages = {52--61},
    publisher = {IEEE},
    url = {http://ieeexplore.ieee.org/document/4630070/ http://files/272/Jalbert et Weimer - 2008 - Automated duplicate detection for bug tracking sys.pdf},
    isbn = {978-1-4244-2397-2},
    doi = {10.1109/DSN.2008.4630070},
    language = {en}
}

@inproceedings{Leotta2015AutomatedTests,
    title = {{Automated generation of visual web tests from DOM-based web tests}},
    year = {2015},
    booktitle = {the 30th Annual ACM Symposium},
    author = {Leotta, Maurizio and Stocco, Andrea and Ricca, Filippo and Tonella, Paolo},
    month = {6},
    pages = {775--782},
    publisher = {ACM Press},
    url = {http://dl.acm.org/citation.cfm?doid=2695664.2695847 http://files/195/Leotta et al. - 2015 - Automated generation of visual web tests from DOM-.pdf},
    isbn = {978-1-4503-3196-8},
    doi = {10.1145/2695664.2695847},
    language = {en}
}

@article{Panichella2018AutomatedTargets,
    title = {{Automated Test Case Generation as a Many-Objective Optimisation Problem with Dynamic Selection of the Targets}},
    year = {2018},
    journal = {IEEE Transactions on Software Engineering},
    author = {Panichella, A and Kifetew, F M and Tonella, P},
    number = {2},
    pages = {122--158},
    volume = {44},
    url = {http://files/189/Panichella et al. - 2018 - Automated Test Case Generation as a Many-Objective.pdf http://files/188/7840029.html},
    doi = {10.1109/TSE.2017.2663435},
    issn = {0098-5589},
    keywords = {Algorithm design and analysis, DynaMOSA, Evolutionary testing, Genetic algorithms, Heuristic algorithms, MOAs, Many-Objective Sorting Algorithm, Many-Objective optimisation problem, Optimization, Software algorithms, Sorting, Testing, automated test case generation, automatic test case generation, branch coverage, dynamic target selection, many-objective optimisation, many-objective optimisation algorithms, many-objective solver, multiobjective problem, multiple test targets, optimisation, program testing, search problems, search-based approaches, sorting, test input data, test sequence}
}

@article{Russell2018AutomatedLearning,
    title = {{Automated Vulnerability Detection in Source Code Using Deep Representation Learning}},
    year = {2018},
    author = {Russell, Rebecca L. and Kim, Louis and Hamilton, Lei H. and Lazovich, Tomo and Harer, Jacob A. and Ozdemir, Onur and Ellingwood, Paul M. and McConley, Marc W.},
    doi = {arXiv:1807.04320v1},
    arxivId = {1807.04320}
}

@article{Martinez2017AutomaticDataset,
    title = {{Automatic Repair of Real Bugs in Java: A Large-Scale Experiment on the Defects4J Dataset}},
    year = {2017},
    author = {Martinez, Matias and Durieux, Thomas and Sommerard, Romain and Xuan, Jifeng and Monperrus, Martin and Martinez, M and Xuan, J and Durieux, T and Monperrus, M},
    number = {4},
    volume = {22},
    publisher = {Springer Verlag},
    url = {https://hal.archives-ouvertes.fr/hal-01387556},
    isbn = {1066401694704},
    doi = {10.1007/s10664-016-9470-4},
    issn = {1936-1964},
    keywords = {software repair {\textperiodcentered} bugs {\textperiodcentered} defects {\textperiodcentered} patches {\textperiodcentered} fixes}
}

@article{DeReis2004AutomaticDistance,
    title = {{Automatic web news extraction using tree edit distance}},
    year = {2004},
    journal = {Thirteenth International World Wide Web Conference Proceedings, WWW2004},
    author = {De Reis, Davi Castro and Golgher, Paulo B. and Da Silva, Altigran S. and Laender, Alberto H.F.},
    pages = {502--511},
    publisher = {ACM Press},
    url = {http://portal.acm.org/citation.cfm?doid=988672.988740},
    address = {New York, New York, USA},
    isbn = {158113844X},
    doi = {10.1145/988672.988740},
    keywords = {Data extraction, Edit distance, Electronic news, Schema, Trees}
}

@techreport{Sherwood2002AutomaticallyBehavior,
    title = {{Automatically Characterizing Large Scale Program Behavior}},
    year = {2002},
    author = {Sherwood, Timothy and Perelman, Erez and Hamerly, Greg and Calder, Brad},
    url = {http://www.simplescalar.com/.}
}

@incollection{Montoto2009AutomatingWebsites,
    title = {{Automating Navigation Sequences in AJAX Websites}},
    year = {2009},
    booktitle = {Web Engineering},
    author = {Montoto, Paula and Pan, Alberto and Raposo, Juan and Bellas, Fernando and L{\'{o}}pez, Javier},
    editor = {Gaedke, Martin and Grossniklaus, Michael and D{\'{i}}az, Oscar},
    month = {6},
    pages = {166--180},
    volume = {5648},
    publisher = {Springer Berlin Heidelberg},
    url = {http://link.springer.com/10.1007/978-3-642-02818-2_12 http://files/201/Montoto et al. - 2009 - Automating Navigation Sequences in AJAX Websites.pdf},
    address = {Berlin, Heidelberg},
    isbn = {978-3-642-02817-5 978-3-642-02818-2},
    language = {en}
}

@inproceedings{Adar2013BenevolentInteraction,
    title = {{Benevolent deception in human computer interaction}},
    year = {2013},
    booktitle = {the SIGCHI Conference},
    author = {Adar, Eytan and Tan, Desney S and Teevan, Jaime},
    month = {2},
    pages = {1863},
    publisher = {ACM Press},
    url = {http://dl.acm.org/citation.cfm?doid=2470654.2466246 http://files/322/Adar et al. - 2013 - Benevolent deception in human computer interaction.pdf},
    isbn = {978-1-4503-1899-0},
    doi = {10.1145/2470654.2466246},
    language = {en}
}

@inproceedings{Sanoja2014Block-o-Matic:Framework,
    title = {{Block-o-Matic: A web page segmentation framework}},
    year = {2014},
    booktitle = {2014 International Conference on Multimedia Computing and Systems (ICMCS)},
    author = {Sanoja, Andres and Gancarski, Stephane},
    month = {3},
    pages = {595--600},
    publisher = {IEEE},
    url = {http://ieeexplore.ieee.org/document/6911249/ http://files/254/Sanoja et Gancarski - 2014 - Block-o-Matic A web page segmentation framework.pdf},
    isbn = {978-1-4799-3824-7 978-1-4799-3823-0},
    doi = {10.1109/ICMCS.2014.6911249},
    language = {en}
}

@inproceedings{Furche2006Block-o-Matic:Evaluation,
    title = {{Block-o-Matic: a Web Page Segmentation Tool and its Evaluation}},
    year = {2006},
    booktitle = {the 24th ACM SIGPLAN-SIGACT symposium},
    author = {Furche, Tim and Gottlob, Georg and Grasso, Giovanni and Guo, Xiaonan and Orsi, Giorgio and Schallhart, Christian and Wang, Cheng and Degott, Christian and Borges Jr., Nataniel P and Zeller, Andreas and Wing, J M and Beller, Moritz and Bholanath, Radjino and McIntosh, Shane and Zaidman, Andy and Johnson, S C and Cousot, Patrick and Sanoja, Andrés and Gan{\c{c}}arski, Stéphane and Cao, Jiuxin and Mao, Bo and Luo, Junzhou and Baluja, Shumeet and Chakrabarti, Deepayan and Kumar, Ravi and Punera, Kunal and Fauzi, Fariza and Hong, Jer-Lang and Belkhatir, Mohammed and Cai, Deng and Yu, Shipeng and Wen, Ji-Rong and Ma, Wei-Ying and Tu, Zhaopeng and Su, Zhendong and Devanbu, Premkumar and Hastings, Reed and Joyce, Bob and Hangal, Sudheendra and Microsystems, Sun and Shantinagar, Divyasree Chambers and {Neelofar} and Javed, Muhammad Younus and Mohsin, Hufsa and Li, Zhenmin and Tan, Lin and Wang, Xuanhui and Lu, Shan and Zhou, Yuanyuan and Zhai, Chengxiang},
    editor = {Rudolph, Sebastian and Gutierrez, Claudio},
    edition = {1st ed},
    number = {2},
    month = {2},
    pages = {12},
    volume = {23},
    publisher = {ACM Press},
    url = {http://files/314/Li et al. - 2006 - Have Things Changed Now An Empirical Study of Bug.pdf http://files/315/summary.html http://ieeexplore.ieee.org/document/6245635/ http://files/313/Neelofar et al. - 2012 - An Automated Approach for Software Bug Classific},
    address = {Philadelphia, PA},
    isbn = {978-1-4503-6224-5},
    doi = {10.1145/2695664.2695786},
    issn = {21508097},
    language = {en}
}

@article{Kumar2011Bricolage:Design,
    title = {{Bricolage: Example-based retargeting for web design}},
    year = {2011},
    journal = {Conference on Human Factors in Computing Systems - Proceedings},
    author = {Kumar, Ranjitha and Talton, Jerry O. and Ahmad, Salman and Klemmer, Scott R.},
    pages = {2197--2206},
    isbn = {9781450302289},
    doi = {10.1145/1978942.1979262},
    keywords = {Examples, Retargeting, Structured prediction, Web design}
}

@article{Singh2011BugBTRAS,
    title = {{Bug Tracking and Reliability Assessment System (BTRAS)}},
    year = {2011},
    journal = {International Journal of Software Engineering and Its Applications},
    author = {Singh, V B and Chaturvedi, Krishna Kumar},
    number = {4},
    pages = {15},
    volume = {5},
    language = {en}
}

@article{LuBugBench:Tools,
    title = {{BugBench: Benchmarks for Evaluating Bug Detection Tools}},
    author = {Lu, Shan and Li, Zhenmin and Qin, Feng and Tan, Lin and Zhou, Pin and Zhou, Yuanyuan},
    pages = {5},
    url = {http://files/319/Lu et al. - BugBench Benchmarks for Evaluating Bug Detection .pdf},
    language = {en}
}

@techreport{MouBuildingLearning,
    title = {{Building Program Vector Representations for Deep Learning}},
    author = {Mou, Lili and Li, Ge and Liu, Yuxuan and Peng, Hao and Jin, Zhi and Xu, Yan and Zhang, Lu},
    url = {https://sites.google.com/site/learnrepresent/},
    arxivId = {1409.3358v1}
}

@techreport{Bowman2014CanReasoning,
    title = {{Can recursive neural tensor networks learn logical reasoning?}},
    year = {2014},
    author = {Bowman, Samuel R},
    url = {https://arxiv.org/pdf/1312.6192.pdf?utm_content=bufferb2a15&utm_medium=social&utm_source=plus.google.com&utm_campaign=buffer},
    arxivId = {1312.6192v4},
    keywords = {()}
}

@inproceedings{Jovic2011CatchWild,
    title = {{Catch me if you can: Performance bug detection in the wild}},
    year = {2011},
    author = {Jovic, Milan and Hauswirth, Matthias and Jovic, Milan and Adamoli, Andrea and Hauswirth, Matthias},
    url = {http://files/318/Jovic et al. - 2011 - Catch me if you can Performance bug detection in .pdf http://files/320/summary.html}
}

@article{Marian2001Change-centricWarehouse,
    title = {{Change-centric management of versions in an XML warehouse}},
    year = {2001},
    journal = {VLDB 2001 - Proceedings of 27th International Conference on Very Large Data Bases},
    author = {Marian, Amélie and Abiteboul, Serge and Cob{\'{e}}na, Grégory and Mignet, Laurent},
    pages = {581--590},
    isbn = {1558608044},
    keywords = {Change control, Delta, Version, Warehouse, XML}
}

@article{DontchevaChangesTime,
    title = {{Changes in Webpage Structure over Time}},
    author = {Dontcheva, Mira and Drucker, Steven M and Salesin, David and Cohen, Michael F},
    pages = {11},
    url = {http://files/236/Dontcheva et al. - Changes in Webpage Structure over Time.pdf},
    language = {en}
}

@book{CharacterizingWeb,
    title = {{Characterizing Browsing Strategies in the world wide web}},
    url = {http://files/365/Abstract Characterizing Browsing Strategies.pdf}
}

@techreport{CharacterizingN-grams,
    title = {{Characterizing the Behavior of a Program Using Multiple-Length N-grams}},
    url = {https://www.nspw.org/papers/2000/nspw2000-marceau.pdf},
    keywords = {Intrusion detection, computational immunology, finite automata, string processing}
}

@article{Arlitt2000CharacterizingSessions,
    title = {{Characterizing Web user sessions}},
    year = {2000},
    journal = {ACM SIGMETRICS Performance Evaluation Review},
    author = {Arlitt, Martin},
    number = {2},
    month = {2},
    pages = {50--63},
    volume = {28},
    url = {http://portal.acm.org/citation.cfm?doid=362883.362920 http://files/270/Arlitt - 2000 - Characterizing Web user sessions.pdf},
    doi = {10.1145/362883.362920},
    issn = {01635999},
    language = {en}
}

@article{Gottron2008ClusteringDocuments,
    title = {{Clustering template based web documents}},
    year = {2008},
    journal = {Lecture Notes in Computer Science (including subseries Lecture Notes in Artificial Intelligence and Lecture Notes in Bioinformatics)},
    author = {Gottron, Thomas},
    pages = {40--51},
    volume = {4956 LNCS},
    isbn = {3540786457},
    doi = {10.1007/978-3-540-78646-7{\_}7},
    issn = {03029743}
}

@article{Crescenzi2005ClusteringStructure,
    title = {{Clustering Web pages based on their structure}},
    year = {2005},
    journal = {Data and Knowledge Engineering},
    author = {Crescenzi, Valter and Merialdo, Paolo and Missier, Paolo},
    number = {3},
    pages = {279--299},
    volume = {54},
    url = {www.elsevier.com/locate/datak},
    doi = {10.1016/j.datak.2004.11.004},
    issn = {0169023X},
    keywords = {Clustering, Information extraction, Web mining, Web modelling, Wrapper induction}
}

@techreport{WangClusteringAlignment,
    title = {{Clustering Web Sessions by Sequence Alignment}},
    author = {Wang, Weinan and Za¨ıaneza¨ıane, Osmar R},
    url = {http://www.cs.ualberta.ca/labs/database/publications.html}
}

@article{Stocco2016Clustering-AidedTesting,
    title = {{Clustering-Aided Page Object Generation for Web Testing}},
    year = {2016},
    author = {Stocco, Andrea and Leotta, Maurizio and Ricca, Filippo and Tonella, Paolo},
    url = {http://dx.doi.org/10.1007/978-3-319-38791-8_8},
    doi = {10.1007/978-3-319-38791-8{\_}8}
}

@article{Chawathe1999ComparingMemory,
    title = {{Comparing hierarchical data in external memory}},
    year = {1999},
    journal = {Proceedings of the Twenty-fifth International Conference on Very Large Data Bases},
    author = {Chawathe, Sudarshan S.},
    number = {17-18},
    pages = {90--101},
    volume = {14},
    url = {https://dl.acm.org/doi/10.5555/645925.671669},
    isbn = {1558606157},
    doi = {10.1.1.31.4695},
    issn = {10477349}
}

@article{Shapiro1990ComparingComparisons,
    title = {{Comparing multiple RNA secondary structures using tree comparisons}},
    year = {1990},
    journal = {Bioinformatics},
    author = {Shapiro, Bruce A and Zhang, Kaizhong},
    number = {4},
    pages = {309--318},
    volume = {6},
    url = {https://academic.oup.com/bioinformatics/article-abstract/6/4/309/356690}
}

@inproceedings{Leotta2013ComparingStudy,
    title = {{Comparing the maintainability of selenium WebDriver test suites employing different locators: a case study}},
    year = {2013},
    booktitle = {the 2013 International Workshop},
    author = {Leotta, Maurizio and Clerissi, Diego and Ricca, Filippo and Spadaro, Cristiano},
    month = {6},
    pages = {53},
    publisher = {ACM Press},
    url = {http://dl.acm.org/citation.cfm?doid=2489280.2489284 http://files/208/Leotta et al. - 2013 - Comparing the maintainability of selenium WebDrive.pdf},
    isbn = {978-1-4503-2161-7},
    doi = {10.1145/2489280.2489284},
    language = {en}
}

@article{Abiteboul2012ComparingViews,
    title = {{Comparing workflow specification languages: A matter of views}},
    year = {2012},
    journal = {ACM Transactions on Database Systems},
    author = {Abiteboul, Serge and Bourhis, Pierre and Vianu, Victor},
    number = {2},
    month = {4},
    pages = {1--59},
    volume = {37},
    url = {http://dl.acm.org/citation.cfm?doid=2188349.2188352 http://files/226/Abiteboul et al. - 2012 - Comparing workflow specification languages A matt.pdf},
    doi = {10.1145/2188349.2188352},
    issn = {03625915},
    language = {en}
}

@inproceedings{Kim2011CrashTriage,
    title = {{Crash graphs: An aggregated view of multiple crashes to improve crash triage}},
    year = {2011},
    booktitle = {Networks (DSN)},
    author = {Kim, Sunghun and Zimmermann, Thomas and Nagappan, Nachiappan},
    month = {2},
    pages = {486--493},
    publisher = {IEEE},
    url = {http://ieeexplore.ieee.org/document/5958261/ http://files/289/Kim et al. - 2011 - Crash graphs An aggregated view of multiple crash.pdf},
    isbn = {978-1-4244-9232-9},
    doi = {10.1109/DSN.2011.5958261},
    language = {en}
}

@techreport{LeGouesCurrentRepair,
    title = {{Current Challenges in Automatic Software Repair}},
    author = {Le Goues, Claire and Forrest, Stephanie and Weimer, Westley},
    url = {https://www.cs.cmu.edu/~clegoues/docs/legoues-sqjo13.pdf},
    keywords = {automatic program repair, evolution-ary computation, software engineering}
}

@techreport{BengioCurriculumLearning,
    title = {{Curriculum Learning}},
    author = {Bengio, Yoshua and J{\'{e}}r{\^{o}}me Louradour, umontrealca and Collobert, Ronan and Weston, Jason},
    url = {https://ronan.collobert.com/pub/matos/2009_curriculum_icml.pdf}
}

@incollection{Borges2000DataPatterns,
    title = {{Data Mining of User Navigation Patterns}},
    year = {2000},
    booktitle = {Web Usage Analysis and User Profiling},
    author = {Borges, José and Levene, Mark},
    editor = {Masand, Brij and Spiliopoulou, Myra},
    month = {3},
    pages = {92--112},
    volume = {1836},
    publisher = {Springer Berlin Heidelberg},
    url = {http://link.springer.com/10.1007/3-540-44934-5_6 http://files/259/Borges et Levene - 2000 - Data Mining of User Navigation Patterns.pdf},
    address = {Berlin, Heidelberg},
    isbn = {978-3-540-67818-2 978-3-540-44934-8},
    language = {en}
}

@techreport{Abiteboul2014DataXML,
    title = {{Data on the Web: From Relations to Semistructured Data and XML}},
    year = {2014},
    author = {Abiteboul, Serge and Buneman, Peter and Suciu, Dan}
}

@inproceedings{Vaculin2012Data-centricArtifacts,
    title = {{Data-centric Web Services Based on Business Artifacts}},
    year = {2012},
    booktitle = {2012 IEEE 19th International Conference on Web Services},
    author = {Vacul{\'{i}}n, R and Heath, T and Hull, R},
    pages = {42--49},
    url = {http://files/228/Vaculín et al. - 2012 - Data-centric Web Services Based on Business Artifa.pdf http://files/227/6257788.html},
    doi = {10.1109/ICWS.2012.101},
    keywords = {Abstracts, Barium, Business, CRUD operations, Data models, GSM, GSM model, Semantics, W-DAS model, W-DAS publish-subscribe mechanisms, Web data and artifact-centric service model, Web service customization, Web service flexibility, Web service integration, Web service reusability, Web service specifications, Web services, Web services standards, artifact-centric web services, artifacts retrieval interface, business artifacts, business data processing, data access interfaces, data filtering, data querying, data sorting, data sources, data-centric web services, guard-stage-milestone model, information filtering, message passing, middleware, run-time queries, services model, software reusability, sorting}
}

@article{Zgonnikov2017DecisionData,
    title = {{Decision landscapes: visualizing mouse-tracking data}},
    year = {2017},
    journal = {Royal Society Open Science},
    author = {Zgonnikov, A and Aleni, A and Piiroinen, P T and O'Hora, D and di Bernardo, M},
    number = {11},
    month = {12},
    volume = {4},
    url = {https://www.ncbi.nlm.nih.gov/pmc/articles/PMC5717627/ http://files/369/Zgonnikov et al. - 2017 - Decision landscapes visualizing mouse-tracking da.pdf},
    doi = {10.1098/rsos.170482},
    issn = {2054-5703}
}

@article{Peters2018DeepRepresentations,
    title = {{Deep contextualized word representations}},
    year = {2018},
    author = {Peters, Matthew E. and Neumann, Mark and Iyyer, Mohit and Gardner, Matt and Clark, Christopher and Lee, Kenton and Zettlemoyer, Luke},
    month = {2},
    url = {http://arxiv.org/abs/1802.05365},
    arxivId = {1802.05365}
}

@misc{Lecun2015DeepLearning,
    title = {{Deep learning}},
    year = {2015},
    booktitle = {Nature},
    author = {Lecun, Yann and Bengio, Yoshua and Hinton, Geoffrey},
    isbn = {9780521835688},
    doi = {10.1038/nature14539},
    issn = {14764687},
    pmid = {10463930},
    arxivId = {arXiv:1312.6184v5}
}

@article{Pradel2018DeepBugs:Detection,
    title = {{DeepBugs: a learning approach to name-based bug detection}},
    year = {2018},
    journal = {Proceedings of the ACM on Programming Languages},
    author = {Pradel, Michael and Sen, Koushik},
    number = {OOPSLA},
    month = {2},
    pages = {1--25},
    volume = {2},
    url = {http://dl.acm.org/citation.cfm?doid=3288538.3276517 http://files/268/Pradel et Sen - 2018 - DeepBugs a learning approach to name-based bug de.pdf},
    doi = {10.1145/3276517},
    issn = {24751421},
    language = {en}
}

@inproceedings{Du2017DeepLog,
    title = {{DeepLog}},
    year = {2017},
    booktitle = {Proceedings of the 2017 ACM SIGSAC Conference on Computer and Communications Security  - CCS '17},
    author = {Du, Min and Li, Feifei and Zheng, Guineng and Srikumar, Vivek},
    isbn = {9781450349468},
    doi = {10.1145/3133956.3134015},
    issn = {15437221}
}

@article{Cobena2002DetectingDocuments,
    title = {{Detecting changes in XML documents}},
    year = {2002},
    journal = {Proceedings - International Conference on Data Engineering},
    author = {Cob{\'{e}}na, Grégory and Abiteboul, Serge and Marian, Amélie},
    pages = {41--52},
    doi = {10.1109/ICDE.2002.994696},
    issn = {10844627}
}

@inproceedings{Manku2007DetectingCrawling,
    title = {{Detecting near-duplicates for web crawling}},
    year = {2007},
    booktitle = {the 16th international conference},
    author = {Manku, Gurmeet Singh and Jain, Arvind and Das Sarma, Anish and Singh Manku, Gurmeet and Jain, Arvind and Das Sarma, Anish},
    month = {4},
    pages = {141},
    publisher = {ACM Press},
    url = {http://portal.acm.org/citation.cfm?doid=1242572.1242592 http://files/235/Manku et al. - 2007 - Detecting near-duplicates for web crawling.pdf},
    isbn = {978-1-59593-654-7},
    doi = {10.1145/1242572.1242592},
    keywords = {E1 [Data Structures]: Distributed data structures, G20 [Discrete Mathematics]: General, H33 [Information Search and Retrieval]: Search pro, fingerprint, near-duplicate, search, similarity, sketch, web crawl, web document},
    language = {en}
}

@techreport{FlescaDetectingDocuments,
    title = {{Detecting Structural Similarities between XML Documents}},
    author = {Flesca, Sergio and Manco, Giuseppe and Masciari, Elio and Pontieri, Luigi and Pugliese, Andrea}
}

@inproceedings{Chaturvedi2012DeterminingTechniques,
    title = {{Determining Bug severity using machine learning techniques}},
    year = {2012},
    booktitle = {2012 CSI Sixth International Conference on Software Engineering (CONSEG)},
    author = {Chaturvedi, K K and Singh, V B},
    month = {2},
    pages = {1--6},
    publisher = {IEEE},
    url = {http://ieeexplore.ieee.org/document/6349519/ http://files/287/Chaturvedi et Singh - 2012 - Determining Bug severity using machine learning te.pdf},
    isbn = {978-1-4673-2177-8 978-1-4673-2174-7 978-1-4673-2175-4 978-1-4673-2176-1},
    doi = {10.1109/CONSEG.2012.6349519},
    language = {en}
}

@article{Jansen2008DeterminingQueries,
    title = {{Determining the informational, navigational, and transactional intent of Web queries}},
    year = {2008},
    journal = {Information Processing {\&} Management},
    author = {Jansen, Bernard J and Booth, Danielle L and Spink, Amanda},
    number = {3},
    month = {1},
    pages = {1251--1266},
    volume = {44},
    url = {https://linkinghub.elsevier.com/retrieve/pii/S030645730700163X http://files/351/Jansen et al. - 2008 - Determining the informational, navigational, and t.pdf},
    doi = {10.1016/j.ipm.2007.07.015},
    issn = {03064573},
    language = {en}
}

@inproceedings{Jansen2007DeterminingQueries,
    title = {{Determining the user intent of web search engine queries}},
    year = {2007},
    booktitle = {the 16th international conference},
    author = {Jansen, Bernard J and Booth, Danielle L and Spink, Amanda},
    month = {12},
    pages = {1149},
    publisher = {ACM Press},
    url = {http://portal.acm.org/citation.cfm?doid=1242572.1242739 http://files/363/Jansen et al. - 2007 - Determining the user intent of web search engine q.pdf},
    isbn = {978-1-59593-654-7},
    doi = {10.1145/1242572.1242739},
    language = {en}
}

@article{Kadam2014DEUDS:Selectors,
    title = {{DEUDS: Data Extraction Using DOM Tree and Selectors}},
    year = {2014},
    author = {Kadam, Vinayak B and Pakle, Ganesh K},
    pages = {8},
    volume = {5},
    url = {http://files/186/Kadam et Pakle - 2014 - DEUDS Data Extraction Using DOM Tree and Selector.pdf},
    language = {en}
}

@article{Buchner1998DiscoveringMining,
    title = {{Discovering Internet marketing intelligence through online analytical web usage mining}},
    year = {1998},
    journal = {ACM SIGMOD Record},
    author = {B{\"{u}}chner, Alex G and Mulvenna, Maurice D},
    number = {4},
    month = {3},
    pages = {54--61},
    volume = {27},
    url = {http://portal.acm.org/citation.cfm?doid=306101.306124 http://files/263/Büchner et Mulvenna - 1998 - Discovering Internet marketing intelligence throug.pdf},
    doi = {10.1145/306101.306124},
    issn = {01635808},
    language = {en}
}

@incollection{Tan2004DiscoveryPatterns,
    title = {{Discovery of Web Robot Sessions Based on Their Navigational Patterns}},
    year = {2004},
    booktitle = {Intelligent Technologies for Information Analysis},
    author = {Tan, Pang-Ning and Kumar, Vipin},
    pages = {193--222},
    publisher = {Springer Berlin Heidelberg},
    url = {http://www.springerlink.com/index/10.1007/978-3-662-07952-2_9},
    address = {Berlin, Heidelberg},
    doi = {10.1007/978-3-662-07952-2{\_}9}
}

@article{Biagiola2019Diversity-BasedGeneration,
    title = {{Diversity-Based Web Test Generation}},
    year = {2019},
    author = {Biagiola, Matteo and Stocco, Andrea and Ricca, Filippo and Tonella, Paolo},
    pages = {12},
    url = {http://files/183/Biagiola et al. - 2019 - Diversity-Based Web Test Generation.pdf},
    language = {en}
}

@inproceedings{Sun2011DOMDensity,
    title = {{DOM based content extraction via text density}},
    year = {2011},
    booktitle = {the 34th international ACM SIGIR conference},
    author = {Sun, Fei and Song, Dandan and Liao, Lejian},
    month = {1},
    pages = {245},
    publisher = {ACM Press},
    url = {http://portal.acm.org/citation.cfm?doid=2009916.2009952 http://files/336/Sun et al. - 2011 - DOM based content extraction via text density.pdf},
    isbn = {978-1-4503-0757-4},
    doi = {10.1145/2009916.2009952},
    language = {en}
}

@article{He2017Drain:Tree,
    title = {{Drain: An Online Log Parsing Approach with Fixed Depth Tree}},
    year = {2017},
    journal = {Proceedings - 2017 IEEE 24th International Conference on Web Services, ICWS 2017},
    author = {He, Pinjia and Zhu, Jieming and Zheng, Zibin and Lyu, Michael R.},
    url = {http://www.mendeley.com/research/drain-online-log-parsing-approach-fixed-depth-tree},
    doi = {10.1109/ICWS.2017.13}
}

@article{Elmagarmid2007DuplicateSurvey,
    title = {{Duplicate Record Detection: A Survey}},
    year = {2007},
    journal = {IEEE Transactions on Knowledge and Data Engineering},
    author = {Elmagarmid, Ahmed K and Ipeirotis, Panagiotis G and Verykios, Vassilios S},
    number = {1},
    month = {6},
    pages = {1--16},
    volume = {19},
    url = {http://ieeexplore.ieee.org/document/4016511/ http://files/210/Elmagarmid et al. - 2007 - Duplicate Record Detection A Survey.pdf},
    doi = {10.1109/TKDE.2007.250581},
    issn = {1041-4347},
    language = {en}
}

@article{Hutter2019EffectiveJoins,
    title = {{Effective filters and linear time verification for tree similarity joins}},
    year = {2019},
    journal = {Proceedings - International Conference on Data Engineering},
    author = {Hutter, Thomas and Pawlik, Mateusz and Loschinger, Robert and Augsten, Nikolaus},
    pages = {854--865},
    volume = {2019-April},
    isbn = {9781538674741},
    doi = {10.1109/ICDE.2019.00081},
    issn = {10844627},
    keywords = {Tree edit distance, Tree similarity join}
}

@article{Kailing2004EfficientDatabases,
    title = {{Efficient similarity search for hierarchical data in large databases}},
    year = {2004},
    journal = {Lecture Notes in Computer Science (including subseries Lecture Notes in Artificial Intelligence and Lecture Notes in Bioinformatics)},
    author = {Kailing, Karin and Kriegel, Hans Peter and Sch{\"{o}}nauer, Stefan and Seidl, Thomas},
    pages = {676--693},
    volume = {2992},
    isbn = {9783540212003},
    doi = {10.1007/978-3-540-24741-8{\_}39},
    issn = {16113349}
}

@book{Kuznetsov2012EfficientExecution,
    title = {{Efficient State Merging in Symbolic Execution}},
    year = {2012},
    author = {Kuznetsov, Volodymyr and Kinder, Johannes and Bucur, Stefan and Candea, George},
    url = {http://cloud9.epfl.ch.},
    isbn = {9781450312059},
    keywords = {D24 [Software Engineer-ing]: Software/Program Verification, D25 [Software Engineer-ing]: Testing and Debugging-Symbolic Execution, Testing Tools, F31 [Logics and Meanings of Programs]: Specifying and Verify-ing and Reasoning about Programs Keywords Testing, Symbolic Execution, Verification, Bounded Software Model Checking, State Merging}
}

@inproceedings{Ide2004Eigenspace-basedSystems,
    title = {{Eigenspace-based anomaly detection in computer systems}},
    year = {2004},
    booktitle = {the 2004 ACM SIGKDD international conference},
    author = {Id{\'{e}}, Tsuyoshi and Kashima, Hisashi},
    month = {7},
    pages = {440},
    publisher = {ACM Press},
    url = {http://portal.acm.org/citation.cfm?doid=1014052.1014102 http://files/185/Idé et Kashima - 2004 - Eigenspace-based anomaly detection in computer sys.pdf},
    doi = {10.1145/1014052.1014102},
    language = {en}
}

@techreport{Yi2003EliminatingMining,
    title = {{Eliminating Noisy Information in Web Pages for Data Mining}},
    year = {2003},
    author = {Yi, Lan and Liu, Bing and Li, Xiaoli},
    url = {http://www.w3.org/DOM/},
    keywords = {Design, Experimentation, H33 [INFORMATION STORAGE AND RETRIEVAL]: Informati, Theory Keywords Noise detection, Web mining, information filtering, noise elimination, selection process General Terms Algorithm}
}

@article{BraveEMOTIONINTERACTION,
    title = {{EMOTION IN HUMAN–COMPUTER INTERACTION}},
    author = {Brave, Scott and Nass, Clifford},
    pages = {16},
    url = {http://files/326/Brave et Nass - EMOTION IN HUMAN–COMPUTER INTERACTION.pdf},
    language = {en}
}

@misc{2019EntityData,
    title = {{Entity Resolution for Big Data}},
    year = {2019},
    booktitle = {Data Community DC},
    month = {5},
    url = {http://www.datacommunitydc.org/blog/2013/08/entity-resolution-for-big-data http://files/212/entity-resolution-for-big-data.html},
    language = {en-US}
}

@article{GetoorEntityTutorial,
    title = {{Entity Resolution: Tutorial}},
    author = {Getoor, Lise and Machanavajjhala, Ashwin},
    pages = {179},
    url = {http://files/211/Getoor et Machanavajjhala - Entity Resolution Tutorial.pdf},
    language = {en}
}

@article{Li2009ExecutionAnalysis,
    title = {{Execution Anomaly Detection in Distributed Systems through Unstructured Log Analysis}},
    year = {2009},
    author = {Li, Jiang and Fu, Qiang and Lou, Jian-Guang and Wang, Yi},
    url = {https://www.researchgate.net/publication/220765301},
    doi = {10.1109/ICDM.2009.60},
    keywords = {FSA, distributed system, log analysis, problem diagnosis}
}

@techreport{Zamfir2010ExecutionDebugging,
    title = {{Execution Synthesis: A Technique for Automated Software Debugging}},
    year = {2010},
    author = {Zamfir, Cristian and Candea, George},
    url = {https://infoscience.epfl.ch/record/146733/files/esd.pdf},
    keywords = {symbolic execution}
}

@inproceedings{Abiteboul2018ExplanationsWorkflows,
    title = {{Explanations and Transparency in Collaborative Workflows}},
    year = {2018},
    booktitle = {the 35th ACM SIGMOD-SIGACT-SIGAI Symposium},
    author = {Abiteboul, Serge and Bourhis, Pierre and Vianu, Victor},
    month = {4},
    pages = {409--424},
    publisher = {ACM Press},
    url = {http://dl.acm.org/citation.cfm?doid=3196959.3196975 http://files/224/Abiteboul et al. - 2018 - Explanations and Transparency in Collaborative Wor.pdf},
    isbn = {978-1-4503-4706-8},
    doi = {10.1145/3196959.3196975},
    language = {en}
}

@inproceedings{Guo2008ExploringIntent,
    title = {{Exploring mouse movements for inferring query intent}},
    year = {2008},
    booktitle = {the 31st annual international ACM SIGIR conference},
    author = {Guo, Qi and Agichtein, Eugene},
    month = {12},
    pages = {707},
    publisher = {ACM Press},
    url = {http://portal.acm.org/citation.cfm?doid=1390334.1390462 http://files/372/Guo et Agichtein - 2008 - Exploring mouse movements for inferring query inte.pdf http://www.mathcs.emory.edu/~eugene/papers/sigir2008p-mouse-moves.pdf},
    isbn = {978-1-60558-164-4},
    doi = {10.1145/1390334.1390462},
    keywords = {Evaluation Keywords query intent inference, Experimentation, H33 [Information Systems]: Storage and Retrieval:, mouse movement analysis, user behavior modeling},
    language = {en}
}

@techreport{DesmaraisExploringInterfaces,
    title = {{Exploring the Applications of User-Expertise Assessment for Intelligent Interfaces}},
    author = {Desmarais, Michel C and Liu, Jiming},
    url = {http://citeseerx.ist.psu.edu/viewdoc/download?doi=10.1.1.60.9537&rep=rep1&type=pdf},
    keywords = {User-expertise assessment, adaptive training systems, entropy, evidence aggregation, intelligent interfaces, knowledge spaces, probabilistic reasoning}
}

@techreport{Weiss2018ExtractingCounterexamples,
    title = {{Extracting Automata from Recurrent Neural Networks Using Queries and Counterexamples}},
    year = {2018},
    author = {Weiss, Gail and Goldberg, Yoav and Yahav, Eran},
    url = {https://arxiv.org/pdf/1711.09576.pdf},
    arxivId = {1711.09576v3}
}

@book{MiaoExtractingClustering,
    title = {{Extracting Data Records from the Web Using Tag Path Clustering}},
    author = {Miao, Gengxin and Tatemura, Junichi and Hsiung, Wang-Pin and Sawires, Arsany and Moser, Louise E},
    isbn = {9781605584874},
    keywords = {Experimentation Keywords Information extraction, H28 [Database applications]: Data mining; H35 [On-, Performance, clustering, data record extraction}
}

@techreport{NestorovExtractingData,
    title = {{Extracting Schema from Semistructured Data}},
    author = {Nestorov, Svetlozar and {SERGE ABITEBOUL}}
}

@article{ArasuExtractingPages,
    title = {{Extracting structured data from web pages}},
    author = {Arasu, Arvind and Garcia-Molina, Hector},
    pages = {337--348},
    url = {http://files/240/Arasu et Garcia-Molina - Extracting Structured Data from Web Pages.pdf http://files/238/Arasu et Garcia-molina - Extracting structured data from web pages.pdf http://files/239/summary.html},
    language = {en}
}

@techreport{Thakare2015ExtractionPatil,
    title = {{Extraction of Template using Clustering from Heterogeneous Web Documents Manisha R Patil}},
    year = {2015},
    booktitle = {International Journal of Computer Applications},
    author = {Thakare, Rashmi D and Prof, Asst},
    number = {11},
    pages = {975--8887},
    volume = {119}
}

@inproceedings{Laishram2015ExtractionApproach,
    title = {{Extraction of Web News from Web Pages Using a Ternary Tree Approach}},
    year = {2015},
    booktitle = {Proceedings - 2015 2nd IEEE International Conference on Advances in Computing and Communication Engineering, ICACCE 2015},
    author = {Laishram, Debina and Sebastian, Merin},
    isbn = {9781479917341},
    doi = {10.1109/ICACCE.2015.38},
    keywords = {Quality data, Ternary tree, Web extractors, pattern generation, unsupervised web extraction}
}

@techreport{Muslea1999ExtractionSurvey,
    title = {{Extraction Patterns for Information Extraction Tasks: A Survey}},
    year = {1999},
    author = {Muslea, Ion},
    url = {www.aaai.org}
}

@article{Emmert-Streib2016FiftyComparison,
    title = {{Fifty years of graph matching, network alignment and network comparison}},
    year = {2016},
    journal = {Information Sciences},
    author = {Emmert-Streib, Frank and Dehmer, Matthias and Shi, Yongtang},
    month = {7},
    pages = {180--197},
    volume = {346-347},
    url = {https://linkinghub.elsevier.com/retrieve/pii/S002002551630010X http://files/187/Emmert-Streib et al. - 2016 - Fifty years of graph matching, network alignment a.pdf},
    doi = {10.1016/j.ins.2016.01.074},
    issn = {00200255},
    language = {en}
}

@inproceedings{Abiteboul2012FindingCollections,
    title = {{Finding optimal probabilistic generators for XML collections}},
    year = {2012},
    booktitle = {the 15th International Conference},
    author = {Abiteboul, Serge and Amsterdamer, Yael and Deutch, Daniel and Milo, Tova and Senellart, Pierre},
    month = {4},
    pages = {127},
    publisher = {ACM Press},
    url = {http://dl.acm.org/citation.cfm?doid=2274576.2274591 http://files/231/Abiteboul et al. - 2012 - Finding optimal probabilistic generators for XML c.pdf},
    isbn = {978-1-4503-0791-8},
    doi = {10.1145/2274576.2274591},
    language = {en}
}

@article{Wang2001FindingHierarchy,
    title = {{Finding similar consensus between trees: An algorithm and a distance hierarchy}},
    year = {2001},
    journal = {Pattern Recognition},
    author = {Wang, Jason T.L. and Zhang, Kaizhong},
    number = {1},
    month = {1},
    pages = {127--137},
    volume = {34},
    publisher = {Elsevier Ltd},
    doi = {10.1016/S0031-3203(99)00199-5},
    issn = {00313203},
    keywords = {Computational biology, Dynamic programming, Edit distance, Pattern matching, Trees}
}

@article{Tino1998FiniteApproaches,
    title = {{Finite State Machines and Recurrent Neural Networks - Automata and Dynamical Systems Approaches}},
    year = {1998},
    author = {Tino, Peter and Horne, Bill G. and Giles, C. Lee}
}

@techreport{KumarFlexibleMatching,
    title = {{Flexible Tree Matching}},
    author = {Kumar, Ranjitha and Talton, Jerry O and Ahmad, Salman and Roughgarden, Tim and Klemmer, Scott R}
}

@techreport{KolenFool.sDynamics,
    title = {{Fool.s Gold: Extracting Finite State Machines From Recurrent Network Dynamics}},
    author = {Kolen, John F},
    url = {https://papers.nips.cc/paper/757-fools-gold-extracting-finite-state-machines-from-recurrent-network-dynamics.pdf}
}

@article{Liu2015ForRecognition,
    title = {{for Sketch Recognition}},
    year = {2015},
    author = {Liu, Kai and B, Zhengxing Sun and Song, Mofei and Li, Bo and Tian, Ye},
    pages = {55--65},
    isbn = {9783319240756},
    doi = {10.1007/978-3-319-24075-6},
    keywords = {collection labeling, online metric learning, sketch recognition, supervised clustering}
}

@inproceedings{Abrial2006FormalFuture,
    title = {{Formal methods in industry: achievements, problems, future}},
    year = {2006},
    booktitle = {Proceeding of the 28th international conference},
    author = {Abrial, Jean-Raymond},
    month = {2},
    pages = {761},
    publisher = {ACM Press},
    url = {http://portal.acm.org/citation.cfm?doid=1134285.1134406 http://files/293/Abrial - 2006 - Formal methods in industry achievements, problems.pdf},
    isbn = {978-1-59593-375-1},
    doi = {10.1145/1134285.1134406},
    language = {en}
}

@techreport{ShareefDarFrameworksReview,
    title = {{Frameworks for Querying Databases Using Natural Language: A Literature Review}},
    author = {Shareef Dar, Hafsa and Ikramullah Lali, M and Ul Din, Moin and Mahmood Malik, Khalid and Ahmad Chan Bukhari, Syed},
    keywords = {Cypher, Database, NL2DB, NLP, NoSQL, SPARQL, SQL}
}

@techreport{DurieuxFromProduction,
    title = {{From Runtime Failures to Patches: Study of Patch Generation in Production}},
    author = {Durieux, Thomas},
    url = {https://tel.archives-ouvertes.fr/tel-01883676}
}

@article{Yamauchi2015GenderMovements,
    title = {{Gender Differences in Mouse and Cursor Movements}},
    year = {2015},
    journal = {International Journal of Human-Computer Interaction},
    author = {Yamauchi, Takashi and Seo, Jinsil Hwaryoung and Jett, Noel and Parks, Greg and Bowman, Casady},
    number = {12},
    month = {1},
    pages = {911--921},
    volume = {31},
    url = {http://www.tandfonline.com/doi/full/10.1080/10447318.2015.1072787 http://files/328/Yamauchi et al. - 2015 - Gender Differences in Mouse and Cursor Movements.pdf},
    doi = {10.1080/10447318.2015.1072787},
    issn = {1044-7318, 1532-7590},
    language = {en}
}

@techreport{IndurthiGeneratingModel,
    title = {{Generating Natural Language Question-Answer Pairs from a Knowledge Graph Using a RNN Based Question Generation Model}},
    booktitle = {the Association for Computational Linguistics},
    author = {Indurthi, Sathish and Raghu, Dinesh and Khapra, Mitesh M and Joshi, Sachindra},
    pages = {376--385},
    volume = {1},
    url = {https://www.freebase.com/}
}

@article{Graves2013GeneratingNetworks,
    title = {{Generating Sequences With Recurrent Neural Networks}},
    year = {2013},
    journal = {arXiv:1308.0850 [cs]},
    author = {Graves, Alex},
    month = {1},
    url = {http://arxiv.org/abs/1308.0850 http://files/338/Graves - 2013 - Generating Sequences With Recurrent Neural Network.pdf http://files/337/1308.html},
    keywords = {Computer Science - Computation and Language, Computer Science - Neural and Evolutionary Computi}
}

@incollection{Offutt1999GeneratingSpecifications,
    title = {{Generating Tests from UML Specifications}},
    year = {1999},
    booktitle = {«UML»’99 — The Unified Modeling Language},
    author = {Offutt, Jeff and Abdurazik, Aynur},
    editor = {France, Robert and Rumpe, Bernhard},
    month = {2},
    pages = {416--429},
    volume = {1723},
    publisher = {Springer Berlin Heidelberg},
    url = {http://link.springer.com/10.1007/3-540-46852-8_30 http://files/278/Offutt et Abdurazik - 1999 - Generating Tests from UML Specifications.pdf},
    address = {Berlin, Heidelberg},
    isbn = {978-3-540-66712-4 978-3-540-46852-3},
    language = {en}
}

@techreport{GoodfellowGenerativeNets,
    title = {{Generative Adversarial Nets}},
    author = {Goodfellow, Ian J and Pouget-Abadie, Jean and Mirza, Mehdi and Xu, Bing and Warde-Farley, David and Ozair, Sherjil and Courville, Aaron and Bengio, Yoshua},
    url = {http://www.github.com/goodfeli/adversarial}
}

@article{Petke2018GeneticSurvey,
    title = {{Genetic Improvement of Software: A Comprehensive Survey}},
    year = {2018},
    journal = {IEEE Transactions on Evolutionary Computation},
    author = {Petke, Justyna and Haraldsson, Saemundur O. and Harman, Mark and Langdon, William B. and White, David R. and Woodward, John R.},
    number = {3},
    month = {6},
    pages = {415--432},
    volume = {22},
    url = {https://ieeexplore.ieee.org/document/7911210/},
    doi = {10.1109/TEVC.2017.2693219},
    issn = {1089-778X}
}

@article{Plaza2011GooglePerformance,
    title = {{Google Analytics for measuring website performance}},
    year = {2011},
    journal = {Tourism Management},
    author = {Plaza, Beatriz},
    number = {3},
    month = {3},
    pages = {477--481},
    volume = {32},
    url = {https://linkinghub.elsevier.com/retrieve/pii/S0261517710000622 http://files/267/Plaza - 2011 - Google Analytics for measuring website performance.pdf},
    doi = {10.1016/j.tourman.2010.03.015},
    issn = {02615177},
    language = {en}
}

@article{Li2019GraphObjects,
    title = {{Graph Matching Networks for Learning the Similarity of Graph Structured Objects}},
    year = {2019},
    journal = {arXiv:1904.12787 [cs, stat]},
    author = {Li, Yujia and Gu, Chenjie and Dullien, Thomas and Vinyals, Oriol and Kohli, Pushmeet},
    month = {5},
    url = {http://arxiv.org/abs/1904.12787 http://www.arxiv.org/pdf/1904.12787.pdf http://files/219/1904.html},
    keywords = {Computer Science - Machine Learning, Statistics - Machine Learning}
}

@inproceedings{Kim2010HARRA:Collections,
    title = {{HARRA: fast iterative hashed record linkage for large-scale data collections}},
    year = {2010},
    booktitle = {the 13th International Conference},
    author = {Kim, Hung-sik and Lee, Dongwon},
    month = {5},
    pages = {525},
    publisher = {ACM Press},
    url = {http://portal.acm.org/citation.cfm?doid=1739041.1739104 http://files/213/Kim et Lee - 2010 - HARRA fast iterative hashed record linkage for la.pdf},
    isbn = {978-1-60558-945-9},
    doi = {10.1145/1739041.1739104},
    language = {en}
}

@article{Duisburg-Essen2017HowDevices,
    title = {{How Is Your User Feeling? Inferring Emotion Through Human-Computer interaction Devices}},
    year = {2017},
    journal = {MIS Quarterly},
    author = {Duisburg-Essen, University of and Hibbeln, Martin and Jenkins, Jeffrey L and University, Brigham and Schneider, Christoph and Kong, City University of Hong and Valacich, Joseph S and Arizona, University of and Weinmann, Markus and Liechtenstein, University of},
    number = {1},
    month = {2},
    pages = {1--21},
    volume = {41},
    url = {https://misq.org/how-is-your-user-feeling-inferring-emotion-through-human-computer-interaction-devices.html http://files/327/University of Duisburg-Essen et al. - 2017 - How Is Your User Feeling Inferring Emotion Throug.pdf},
    doi = {10.25300/MISQ/2017/41.1.01},
    issn = {02767783, 21629730},
    language = {en}
}

@article{Stillman2018HowTheory,
    title = {{How Mouse-tracking Can Advance Social Cognitive Theory}},
    year = {2018},
    journal = {Trends in Cognitive Sciences},
    author = {Stillman, Paul E. and Shen, Xi and Ferguson, Melissa J.},
    number = {6},
    pages = {531--543},
    volume = {22},
    publisher = {Elsevier Ltd},
    url = {http://dx.doi.org/10.1016/j.tics.2018.03.012},
    doi = {10.1016/j.tics.2018.03.012},
    issn = {1879307X},
    pmid = {29731415},
    keywords = {mouse-tracking, process tracing, real-time methods, self-control, social categorization}
}

@techreport{Hoffman2000HowWeb,
    title = {{How to Acquire Customers on the Web}},
    year = {2000},
    author = {Hoffman, Donna L and Novak, Thomas P}
}

@techreport{GoncalvesHumanAnalytics,
    title = {{Human dynamics revealed through Web analytics}},
    author = {Gon{\c{c}}alves, Bruno and Ramasco, José J},
    url = {www.emory.edu},
    arxivId = {0803.4018v2},
    keywords = {8970-a, 8975Hc, PACS numbers}
}

@inproceedings{Chang2001IEPAD:Discovery,
    title = {{IEPAD: information extraction based on pattern discovery}},
    year = {2001},
    booktitle = {the tenth international conference},
    author = {Chang, Chia-Hui and Lui, Shao-Chen},
    month = {4},
    pages = {681--688},
    publisher = {ACM Press},
    url = {http://portal.acm.org/citation.cfm?doid=371920.372182 http://files/242/Chang et Lui - 2001 - IEPAD information extraction based on pattern dis.pdf},
    isbn = {978-1-58113-348-6},
    doi = {10.1145/371920.372182},
    language = {en}
}

@inproceedings{Leotta2013ImprovingStudy,
    title = {{Improving Test Suites Maintainability with the Page Object Pattern: An Industrial Case Study}},
    year = {2013},
    booktitle = {2013 IEEE 6th International Conference On Software Testing, Verification and Validation Workshops (ICSTW)},
    author = {Leotta, Maurizio and Clerissi, Diego and Ricca, Filippo and Spadaro, Cristiano},
    month = {6},
    pages = {108--113},
    publisher = {IEEE},
    url = {http://ieeexplore.ieee.org/document/6571616/ http://files/198/Leotta et al. - 2013 - Improving Test Suites Maintainability with the Pag.pdf},
    isbn = {978-0-7695-4993-4 978-1-4799-1324-4},
    doi = {10.1109/ICSTW.2013.19},
    language = {en}
}

@techreport{JohnsonInferringReasoning,
    title = {{Inferring and Executing Programs for Visual Reasoning}},
    author = {Johnson, Justin and Hariharan, Bharath and Van Der Maaten, Laurens and Hoffman, Judy and Fei-Fei, Li and Zitnick, C Lawrence and Girshick, Ross},
    url = {http://openaccess.thecvf.com/content_ICCV_2017/papers/Johnson_Inferring_and_Executing_ICCV_2017_paper.pdf}
}

@book{Sarawagi1996InformationExtraction,
    title = {{Information Extraction}},
    year = {1996},
    booktitle = {Communications of the ACM},
    author = {Sarawagi, Sunita},
    number = {1},
    pages = {80--91},
    volume = {39},
    isbn = {9781601981882},
    doi = {10.1145/234173.234209},
    issn = {00010782}
}

@techreport{Hotho2016InformationReviews,
    title = {{Information Extraction meets the Semantic Web: A Survey; 2 Anonymous Reviewers Open review(s)}},
    year = {2016},
    author = {Hotho, Andreas and Ba Nguyen, Dat and Cheatham, Michelle and Martinez-Rodriguez, Jose L and Hogan, Aidan and Lopez-Arevalo, Ivan},
    url = {http://prefix.cc.},
    keywords = {Entity Linking, Information Extraction, Keyword Extraction, Relation Extraction, Semantic Web, Topic Modeling}
}

@article{Marchionini1989Information-seekingEncyclopedia,
    title = {{Information-seeking strategies of novices using a full-text electronic encyclopedia}},
    year = {1989},
    journal = {Journal of the American Society for Information Science},
    author = {Marchionini, Gary},
    number = {1},
    month = {1},
    pages = {54--66},
    volume = {40},
    url = {http://doi.wiley.com/10.1002/%28SICI%291097-4571%28198901%2940%3A1%3C54%3A%3AAID-ASI6%3E3.0.CO%3B2-R http://files/352/Marchionini - 1989 - Information-seeking strategies of novices using a .pdf},
    doi = {10.1002/(SICI)1097-4571(198901)40:1<54::AID-ASI6>3.0.CO;2-R},
    issn = {0002-8231, 1097-4571},
    language = {en}
}

@book{Hehman2014IntergroupRelations,
    title = {{Intergroup Relations}},
    year = {2014},
    author = {Hehman, Eric},
    url = {http://files/345/Hehman - 2014 - Intergroup Relations.pdf http://files/346/summary.html}
}

@techreport{HammerschmidtInterpretingData,
    title = {{Interpreting Finite Automata for Sequential Data}},
    author = {Hammerschmidt, Christian Albert and Verwer, Sicco and Lin, Qin and State, Radu},
    url = {https://bitbucket.org/chrshmmmr/dfasat},
    arxivId = {1611.07100v2}
}

@techreport{LazarowIntrospectiveModeling,
    title = {{Introspective Neural Networks for Generative Modeling}},
    author = {Lazarow, Justin and Jin, Long and Tu, Zhuowen},
    url = {http://openaccess.thecvf.com/content_ICCV_2017/papers/Lazarow_Introspective_Neural_Networks_ICCV_2017_paper.pdf}
}

@inproceedings{Cai2008IRobot:Forums,
    title = {{iRobot: an intelligent crawler for web forums}},
    year = {2008},
    booktitle = {Proceeding of the 17th international conference},
    author = {Cai, Rui and Yang, Jiang-Ming and Lai, Wei and Wang, Yida and Zhang, Lei},
    month = {4},
    pages = {447},
    publisher = {ACM Press},
    url = {http://portal.acm.org/citation.cfm?doid=1367497.1367558 http://files/241/Cai et al. - 2008 - iRobot an intelligent crawler for web forums.pdf},
    isbn = {978-1-60558-085-2},
    doi = {10.1145/1367497.1367558},
    language = {en}
}

@techreport{Saito2005Jockey:Debugging,
    title = {{Jockey: A user-space library for record-replay debugging}},
    year = {2005},
    author = {Saito, Yasushi},
    url = {http://www.freshmeat.net.},
    keywords = {Jockey, Linux, debugging}
}

@techreport{AttererKnowingInteraction,
    title = {{Knowing the User's Every Move-User Activity Tracking for Website Usability Evaluation and Implicit Interaction}},
    author = {Atterer, Richard and Wnuk, Monika and Schmidt, Albrecht},
    url = {https://www.medien.ifi.lmu.de/pubdb/publications/pub/atterer2006www/atterer2006www.pdf},
    keywords = {D25 [Software En-gineering]: Testing and Debugging, H51 [Information Interfaces and Presentation]: Mul-timedia Information Systems-Evaluation/methodology, H52 [Information Interfaces and Presentation]: User Interfaces-Interaction styles, H54 [Information Interfaces and Presentation]: Hypertext/Hypermedia-User issues General Terms Experimentation, Human Factors Keywords Website usability evaluation, implicit interaction, mouse tracking, user activity tracking, HTTP proxy}
}

@article{Waqas2018KnowledgeMining,
    title = {{Knowledge Extraction Using Web Usage Mining}},
    year = {2018},
    journal = {ICST Transactions on Scalable Information Systems},
    author = {Waqas, Muhammad and Iram, Maria and Shahzad, Sara and Arshad, Sidra and Nawaz, Tahir},
    number = {16},
    month = {12},
    pages = {154551},
    volume = {5},
    url = {http://eudl.eu/doi/10.4108/eai.13-4-2018.154551 http://files/378/Waqas et al. - 2018 - Knowledge Extraction Using Web Usage Mining.pdf http://eudl.eu/pdf/10.4108/eai.13-4-2018.154551},
    doi = {10.4108/eai.13-4-2018.154551},
    issn = {2032-9407},
    keywords = {Data Mining, KD, Knowledge Extraction, WWW, Web Mining, Web Usage Mining},
    language = {en}
}

@article{BuchsbaumLearningAction,
    title = {{Learning from Actions and their Consequences: Inferring Causal Variables from Continuous Sequences of Human Action}},
    author = {Buchsbaum, Daphna and Grifﬁths, Thomas L and Gopnik, Alison and Baldwin, Dare},
    pages = {6},
    url = {http://files/291/Buchsbaum et al. - Learning from Actions and their Consequences Infe.pdf},
    language = {en}
}

@inproceedings{Li2008LearningGraphs,
    title = {{Learning query intent from regularized click graphs}},
    year = {2008},
    author = {Li, Xiao and Wang, Ye-yi and Acero, Alex},
    pages = {339--346},
    publisher = {ACM},
    url = {http://files/360/Li et al. - 2008 - Learning query intent from regularized click graph.pdf http://files/361/summary.html}
}

@techreport{ZarembaLEARNINGEXECUTE,
    title = {{LEARNING TO EXECUTE}},
    author = {Zaremba, Wojciech and Google, Ilya Sutskever},
    url = {https://github.},
    arxivId = {1410.4615v3}
}

@misc{2019LearningPreferences,
    title = {{Learning user interaction models for predicting web search result preferences}},
    year = {2019},
    month = {1},
    url = {https://dl.acm.org/citation.cfm?id=1148175 http://files/354/sigir2006preferences.pdf}
}

@inproceedings{Degott2019LearningInteractions,
    title = {{Learning user interface element interactions}},
    year = {2019},
    booktitle = {the 28th ACM SIGSOFT International Symposium},
    author = {Degott, Christian and Borges Jr., Nataniel P and Zeller, Andreas},
    month = {7},
    pages = {296--306},
    publisher = {ACM Press},
    url = {http://dl.acm.org/citation.cfm?doid=3293882.3330569 http://files/184/Degott et al. - 2019 - Learning user interface element interactions.pdf},
    isbn = {978-1-4503-6224-5},
    doi = {10.1145/3293882.3330569},
    language = {en}
}

@inproceedings{Bajaj2015LED:Locators,
    title = {{LED: Tool for Synthesizing Web Element Locators}},
    year = {2015},
    booktitle = {2015 30th IEEE/ACM International Conference on Automated Software Engineering (ASE)},
    author = {Bajaj, Kartik and Pattabiraman, Karthik and Mesbah, Ali},
    month = {5},
    pages = {848--851},
    publisher = {IEEE},
    url = {http://ieeexplore.ieee.org/document/7372078/ http://files/218/Bajaj et al. - 2015 - LED Tool for Synthesizing Web Element Locators.pdf},
    isbn = {978-1-5090-0025-8},
    doi = {10.1109/ASE.2015.110},
    language = {en}
}

@incollection{Siqueira2018LeveragingStructure,
    title = {{Leveraging Analysis of User Behavior from Web Usage Extraction over DOM-tree Structure}},
    year = {2018},
    booktitle = {Web Engineering},
    author = {Siqueira, Wesley G and Baldochi, Laercio A},
    editor = {Mikkonen, Tommi and Klamma, Ralf and Hern{\'{a}}ndez, Juan},
    month = {3},
    pages = {185--192},
    volume = {10845},
    publisher = {Springer International Publishing},
    url = {http://link.springer.com/10.1007/978-3-319-91662-0_14 http://files/255/Siqueira et Baldochi - 2018 - Leveraging Analysis of User Behavior from Web Usag.pdf},
    address = {Cham},
    isbn = {978-3-319-91661-3 978-3-319-91662-0},
    language = {en}
}

@techreport{GopinathLNCSSAT,
    title = {{LNCS 6605 - Specification-Based Program Repair Using SAT}},
    author = {Gopinath, Divya and Malik, Muhammad Zubair and Khurshid, Sarfraz},
    url = {https://link.springer.com/content/pdf/10.1007/978-3-642-19835-9_15.pdf}
}

@article{Holmes2006LoopingState,
    title = {{Looping suffix tree-based inference of partially observable hidden state}},
    year = {2006},
    journal = {ACM International Conference Proceeding Series},
    author = {Holmes, Michael P. and Isbell, Charles Lee},
    pages = {409--416},
    volume = {148},
    isbn = {1595933832},
    doi = {10.1145/1143844.1143896}
}

@techreport{ZamfirLow-OverheadDebugging,
    title = {{Low-Overhead Bug Fingerprinting for Fast Debugging}},
    author = {Zamfir, Cristian and Candea, George},
    url = {https://pdfs.semanticscholar.org/78a2/d951e4171fb9cebf9264643fa1daf26f4176.pdf}
}

@techreport{SchmidtMachineAutomata,
    title = {{Machine Learning of Timed Automata}},
    author = {Schmidt, Jana A and Gutenberg, Johannes},
    url = {https://mediatum.ub.tum.de/doc/1145664/990049.pdf}
}

@article{Mokhov2015MARFCAT:Vulnerabilities,
    title = {{MARFCAT: Fast code analysis for defects and vulnerabilities}},
    year = {2015},
    journal = {2015 IEEE 1st International Workshop on Software Analytics, SWAN 2015 - Proceedings},
    author = {Mokhov, Serguei A. and Paquet, Joey and Debbabi, Mourad},
    url = {http://www.mendeley.com/research/marfcat-fast-code-analysis-defects-vulnerabilities},
    doi = {10.1109/SWAN.2015.7070488}
}

@inproceedings{Bocchi2016MeasuringUsers,
    title = {{Measuring the Quality of Experience of Web users}},
    year = {2016},
    booktitle = {the 2016 workshop},
    author = {Bocchi, Enrico and De Cicco, Luca and Rossi, Dario},
    month = {12},
    pages = {37--42},
    publisher = {ACM Press},
    url = {http://dl.acm.org/citation.cfm?doid=2940136.2940138 http://files/376/Bocchi et al. - 2016 - Measuring the Quality of Experience of Web users.pdf},
    isbn = {978-1-4503-4425-8},
    doi = {10.1145/2940136.2940138},
    language = {en}
}

@inproceedings{Schur2013MiningApplications,
    title = {{Mining behavior models from enterprise web applications}},
    year = {2013},
    booktitle = {the 2013 9th Joint Meeting},
    author = {Schur, Matthias and Roth, Andreas and Zeller, Andreas},
    month = {3},
    pages = {422},
    publisher = {ACM Press},
    url = {http://dl.acm.org/citation.cfm?doid=2491411.2491426 http://files/262/Schur et al. - 2013 - Mining behavior models from enterprise web applica.pdf},
    isbn = {978-1-4503-2237-9},
    doi = {10.1145/2491411.2491426},
    language = {en}
}

@inproceedings{Yamauchi2014MiningUsers,
    title = {{Mining Cursor Motions to Find the Gender, Experience, and Feelings of Computer Users}},
    year = {2014},
    booktitle = {2014 IEEE International Conference on Data Mining Workshop (ICDMW)},
    author = {Yamauchi, Takashi and Bowman, Casady},
    month = {1},
    pages = {221--230},
    publisher = {IEEE},
    url = {http://ieeexplore.ieee.org/document/7022601/ http://files/347/Yamauchi et Bowman - 2014 - Mining Cursor Motions to Find the Gender, Experien.pdf},
    isbn = {978-1-4799-4274-9 978-1-4799-4275-6},
    doi = {10.1109/ICDMW.2014.131},
    language = {en}
}

@inproceedings{Gkantouna2016MiningExperience,
    title = {{Mining Interaction Patterns in the Design of Web Applications for Improving User Experience}},
    year = {2016},
    booktitle = {the 27th ACM Conference},
    author = {Gkantouna, Vassiliki and Tsakalidis, Athanasios and Tzimas, Giannis},
    month = {12},
    pages = {219--224},
    publisher = {ACM Press},
    url = {http://dl.acm.org/citation.cfm?doid=2914586.2914631 http://files/374/Gkantouna et al. - 2016 - Mining Interaction Patterns in the Design of Web A.pdf},
    isbn = {978-1-4503-4247-6},
    doi = {10.1145/2914586.2914631},
    language = {en}
}

@article{Facca2004MiningSurvey,
    title = {{Mining interesting knowledge from weblogs: a survey}},
    year = {2004},
    author = {Facca, Federico Michele and Lanzi, Pier Luca},
    url = {www.elsevier.com/locate/datak},
    doi = {10.1016/j.datak.2004.08.001},
    keywords = {Machine learning, Web Mining}
}

@article{Pitkow1999MININGSURFING,
    title = {{MINING LONGEST REPEATING SUBSEQUENCES TO PREDICT WORLD WIDE WEB SURFING}},
    year = {1999},
    author = {Pitkow, James and Pirolli, Peter},
    pages = {13},
    url = {http://files/258/Pitkow et Pirolli - MINING LONGEST REPEATING SUBSEQUENCES TO PREDICT W.pdf},
    language = {en}
}

@techreport{El-RamlyMiningData,
    title = {{Mining software usage data WikiDev 2.0: A web platform for collaborative software development View project Technologies for living independently: A technology case study on remote patient monitoring. Mitacs-accelerate and Mitacs-PDF graduate research internship program. View project Mining Software Usage Data}},
    author = {El-Ramly, Mohammad and Stroulia, Eleni},
    url = {https://www.researchgate.net/publication/228949601}
}

@incollection{Hagerer2002ModelExtrapolation,
    title = {{Model generation by moderated regular extrapolation}},
    year = {2002},
    booktitle = {Lecture Notes in Computer Science (including subseries Lecture Notes in Artificial Intelligence and Lecture Notes in Bioinformatics)},
    author = {Hagerer, Andreas and Hungar, Hardi and Niese, Oliver and Steffen, Bernhard},
    editor = {Kutsche, Ralf-Detlef and Weber, Herbert},
    month = {1},
    pages = {80--95},
    volume = {2306},
    publisher = {Springer Berlin Heidelberg},
    url = {http://link.springer.com/10.1007/3-540-45923-5_6 http://files/379/Hagerer et al. - 2002 - Model Generation by Moderated Regular Extrapolatio.pdf},
    address = {Berlin, Heidelberg},
    isbn = {3540433538},
    doi = {10.1007/3-540-45923-5{\_}6},
    issn = {16113349},
    language = {en}
}

@book{Hooimeijer2007ModelingQuality,
    title = {{Modeling Bug Reprot Quality}},
    year = {2007},
    author = {Hooimeijer, Pieter and Weimer, Westley},
    url = {http://files/285/Hooimeijer et Weimer - 2007 - Modeling Bug Reprot Quality.pdf http://files/286/summary.html}
}

@inproceedings{Wu2017ModelingNetworks,
    title = {{Modeling Trajectories with Recurrent Neural Networks}},
    year = {2017},
    booktitle = {Twenty-Sixth International Joint Conference on Artificial Intelligence},
    author = {Wu, Hao and Chen, Ziyang and Sun, Weiwei and Zheng, Baihua and Wang, Wei},
    month = {1},
    pages = {3083--3090},
    publisher = {International Joint Conferences on Artificial Intelligence Organization},
    url = {https://www.ijcai.org/proceedings/2017/430 http://files/344/Wu et al. - 2017 - Modeling Trajectories with Recurrent Neural Networ.pdf},
    isbn = {978-0-9992411-0-3},
    doi = {10.24963/ijcai.2017/430},
    language = {en}
}

@inproceedings{Yamauchi2013MouseForest,
    title = {{Mouse Trajectories and State Anxiety: Feature Selection with Random Forest}},
    year = {2013},
    booktitle = {2013 Humaine Association Conference on Affective Computing and Intelligent Interaction (ACII)},
    author = {Yamauchi, Takashi},
    month = {12},
    pages = {399--404},
    publisher = {IEEE},
    url = {http://ieeexplore.ieee.org/document/6681463/ http://files/373/Yamauchi - 2013 - Mouse Trajectories and State Anxiety Feature Sele.pdf},
    isbn = {978-0-7695-5048-0},
    doi = {10.1109/ACII.2013.72},
    language = {en}
}

@inproceedings{Sun2014MouStress:Motion,
    title = {{MouStress: detecting stress from mouse motion}},
    year = {2014},
    booktitle = {the 32nd annual ACM conference},
    author = {Sun, David and Paredes, Pablo and Canny, John},
    month = {5},
    pages = {61--70},
    publisher = {ACM Press},
    url = {http://dl.acm.org/citation.cfm?doid=2556288.2557243 http://files/216/Sun et al. - 2014 - MouStress detecting stress from mouse motion.pdf},
    isbn = {978-1-4503-2473-1},
    doi = {10.1145/2556288.2557243},
    language = {en}
}

@techreport{ZhouMulti-TurnNetwork,
    title = {{Multi-Turn Response Selection for Chatbots with Deep Attention Matching Network}},
    author = {Zhou, Xiangyang and Li, Lu and Dong, Daxiang and Liu, Yi and Chen, Ying and Zhao, Wayne Xin and Yu, Dianhai and Wu, Hua},
    pages = {1118--1127},
    publisher = {Association for Computational Linguistics},
    url = {http://www.aclweb.org/anthology/P18-1103}
}

@article{Raghavan2007NearNetworks,
    title = {{Near linear time algorithm to detect community structures in large-scale networks}},
    year = {2007},
    journal = {Physical Review E - Statistical, Nonlinear, and Soft Matter Physics},
    author = {Raghavan, Usha Nandini and Albert, Réka and Kumara, Soundar},
    number = {3},
    pages = {1--12},
    volume = {76},
    doi = {10.1103/PhysRevE.76.036106},
    issn = {15393755},
    pmid = {17930305},
    arxivId = {0709.2938}
}

@misc{Gibson2018NeuralEquations,
    title = {{Neural networks as Ordinary Differential Equations}},
    year = {2018},
    author = {Gibson, Kevin},
    month = {12},
    url = {https://rkevingibson.github.io/blog/neural-networks-as-ordinary-differential-equations/ http://files/375/neural-networks-as-ordinary-differential-equations.html},
    keywords = {AI},
    language = {en-us}
}

@techreport{ReedNEURALPROGRAMMER-INTERPRETERS,
    title = {{NEURAL PROGRAMMER-INTERPRETERS}},
    author = {Reed, Scott and De Freitas, Nando},
    url = {https://arxiv.org/pdf/1511.06279.pdf},
    arxivId = {1511.06279v4}
}

@techreport{LiangNeuralSupervision,
    title = {{Neural Symbolic Machines: Learning Semantic Parsers on Freebase with Weak Supervision}},
    author = {Liang, Chen and Berant, Jonathan and Le, Quoc and Forbus, Kenneth D and Lao, Ni},
    url = {https://arxiv.org/pdf/1611.00020.pdf},
    arxivId = {1611.00020v4}
}

@techreport{GravesNeuralMachines,
    title = {{Neural Turing Machines}},
    author = {Graves, Alex and Wayne, Greg},
    url = {https://arxiv.org/pdf/1410.5401.pdf},
    arxivId = {1410.5401v2}
}

@article{Mitchell2018Never-EndingLearning,
    title = {{Never-Ending Learning}},
    year = {2018},
    journal = {COMMUNICATIONS OF THE ACM},
    author = {Mitchell, T and Cohen, W and Hruschka, E and Talukdar, P and Yang, B and Betteridge, J and Carlson, A and Dalvi, B and Gardner, M and Krishnamurthy, J and Lao, N and Mazaitis, K and Mohamed, T and Nakashole, N and Platanios, E and Ritter, A and Samadi, M and Settles, B and Wang, R and Wijaya, D and Gupta, A and Chen, X and Saparov, A and Greaves, M and Welling, J},
    number = {5},
    volume = {61},
    url = {http://rtw.ml.cmu.edu},
    doi = {10.1145/3191513}
}

@techreport{Jayalal2007Non-MonotonicPeriods,
    title = {{Non-Monotonic Reasoning Project View project An Investigation on Mobile Internet Adoption in Sri Lanka View project Website link prediction using a Markov chain model based on multiple time periods}},
    year = {2007},
    booktitle = {Int. J. Web Engineering and Technology},
    author = {Jayalal, Shantha and Hawksley, Chris and Brereton, Pearl and Jayalal, S and Hawksley, C and Brereton, P},
    number = {3},
    pages = {271--287},
    volume = {3},
    url = {https://www.researchgate.net/publication/239546471}
}

@article{Vokuhler2008OGAMADesigns,
    title = {{OGAMA (Open Gaze and Mouse Analyzer): Open-source software designed to analyze eye and mouse movements in slideshow study designs}},
    year = {2008},
    journal = {Behavior Research Methods},
    author = {Vo{\ss}k{\"{u}}hler, Adrian and Nordmeier, Volkhard and Kuchinke, Lars and Jacobs, Arthur M},
    number = {4},
    month = {1},
    pages = {1150--1162},
    volume = {40},
    url = {http://www.springerlink.com/index/10.3758/BRM.40.4.1150 http://files/331/Voßkühler et al. - 2008 - OGAMA (Open Gaze and Mouse Analyzer) Open-source .pdf},
    doi = {10.3758/BRM.40.4.1150},
    issn = {1554-351X, 1554-3528},
    language = {en}
}

@techreport{Dinitz1998OnIsomorphism,
    title = {{On an Algorithm of Zemlyachenko for Subtree Isomorphism}},
    year = {1998},
    author = {Dinitz, Yeem and Itai, Alon and Rodeh, Michael}
}

@techreport{Turing12ONENTSCHEIDUNGSPROBLEM,
    title = {{ON COMPUTABLE NUMBERS, WITH AN APPLICATION TO THE ENTSCHEIDUNGSPROBLEM}},
    year = {12},
    author = {Turing, A M},
    url = {https://londmathsoc.onlinelibrary.wiley.com/doi/pdf/10.1112/plms/s2-42.1.230},
    doi = {10.1112/plms/s2-42.1.230}
}

@article{Vieira2009OnCollections,
    title = {{On finding templates on web collections}},
    year = {2009},
    journal = {World Wide Web},
    author = {Vieira, Karane and da Costa Carvalho, André Luiz and Berlt, Klessius and de Moura, Edleno S. and da Silva, Altigran S. and Freire, Juliana},
    doi = {10.1007/s11280-009-0059-3},
    issn = {1386145X},
    keywords = {Tree-mapping, Web IR, Web template detection}
}

@inproceedings{Schmidt2012OnlineAutomata,
    title = {{Online Induction of Probabilistic Real Time Automata}},
    year = {2012},
    booktitle = {2012 IEEE 12th International Conference on Data Mining},
    author = {Schmidt, Jana and Kramer, Stefan},
    isbn = {978-1-4673-4649-8},
    doi = {10.1109/ICDM.2012.121}
}

@article{Cove1988OnlineBrowsing,
    title = {{Online text retrieval via browsing}},
    year = {1988},
    journal = {Information Processing {\&} Management},
    author = {Cove, J F and Walsh, B C},
    number = {1},
    month = {1},
    pages = {31--37},
    volume = {24},
    url = {http://linkinghub.elsevier.com/retrieve/pii/0306457388900751 http://files/353/Cove et Walsh - 1988 - Online text retrieval via browsing.pdf},
    doi = {10.1016/0306-4573(88)90075-1},
    issn = {03064573},
    language = {en}
}

@techreport{LamplePhrase-BasedTranslation,
    title = {{Phrase-Based {\&}amp; Neural Unsupervised Machine Translation}},
    author = {Lample, Guillaume and Ott, Myle and Conneau, Alexis and Denoyer, Ludovic and Ranzato, Marc ' Aurelio},
    url = {https://github.com/facebookresearch/},
    arxivId = {arXiv:1804.07755v2}
}

@techreport{BeltramelliPix2code:Screenshot,
    title = {{pix2code: Generating Code from a Graphical User Interface Screenshot}},
    author = {Beltramelli, Tony},
    url = {https://uizard.io/research#pix2code},
    arxivId = {1705.07962v2}
}

@article{Zheng2020PM-LSH:Search,
    title = {{PM-LSH: A fast and accurate LSH framework for high-dimensional approximate NN search}},
    year = {2020},
    journal = {Proceedings of the VLDB Endowment},
    author = {Zheng, Bolong and Zhao, Xi and Weng, Lianggui and Hung, Nguyen Quoc Viet and Liu, Hang and Jensen, Christian},
    number = {5},
    pages = {643--655},
    volume = {13},
    doi = {10.14778/3377369.3377374},
    issn = {2150-8097}
}

@article{Skopal2004PM-tree:Databases.,
    title = {{PM-tree: Pivoting Metric Tree for Similarity Search in Multimedia Databases.}},
    year = {2004},
    journal = {ADBIS, Computer and Automation Research Institute Hungarian Academy of Science},
    author = {Skopal, Tomas and Pokorn{\'{y}}, Jaroslav and Snasel, Vaclav},
    pages = {99--114},
    url = {http://www.dcc.uchile.cl/~bebustos/cursos/2007/cc68p/papers/SPS04 PM-tree pivoting metric tree for similarity search in multimedia databases.pdf},
    keywords = {efficient similarity search, m-tree, pivot-based methods, pm-tree}
}

@incollection{Vinyals2015PointerNetworks,
    title = {{Pointer Networks}},
    year = {2015},
    booktitle = {Advances in Neural Information Processing Systems 28},
    author = {Vinyals, Oriol and Fortunato, Meire and Jaitly, Navdeep and Brain, Google and Fortunato, Meire and Jaitly, Navdeep},
    editor = {Cortes, C and Lawrence, N D and Lee, D D and Sugiyama, M and Garnett, R},
    month = {1},
    pages = {2692--2700},
    publisher = {Curran Associates, Inc.},
    url = {http://papers.nips.cc/paper/5866-pointer-networks.pdf http://files/335/Vinyals et al. - 2015 - Pointer Networks.pdf http://files/334/5866-pointer-networks.html}
}

@article{GorniakPredictingApplications,
    title = {{Predicting Future User Actions by Observing Unmodified Applications}},
    author = {Gorniak, Peter and Poole, David},
    pages = {6},
    url = {http://files/233/Gorniak et Poole - Predicting Future User Actions by Observing Unmodi.pdf},
    language = {en}
}

@article{DavisonPredictingActions,
    title = {{Predicting Sequences of User Actions}},
    author = {Davison, Brian D},
    pages = {8},
    url = {http://files/234/Davison - Predicting Sequences of User Actions.pdf},
    language = {en}
}

@article{Narvekar2015PredictingApproach,
    title = {{Predicting User's Web Navigation Behavior Using Hybrid Approach}},
    year = {2015},
    journal = {Procedia Computer Science},
    author = {Narvekar, Meera and Banu, Shaikh Sakina},
    month = {1},
    pages = {3--12},
    volume = {45},
    url = {https://linkinghub.elsevier.com/retrieve/pii/S1877050915003099 http://files/349/Narvekar et Banu - 2015 - Predicting User's Web Navigation Behavior Using Hy.pdf},
    doi = {10.1016/j.procs.2015.03.073},
    issn = {18770509},
    language = {en}
}

@article{DavisonPredictingContent,
    title = {{Predicting Web Actions from HTML Content}},
    author = {Davison, Brian D},
    pages = {10},
    url = {http://files/232/Davison - Predicting Web Actions from HTML Content.pdf},
    language = {en}
}

@article{Loyola2012PredictingOptimization,
    title = {{Predicting web user behavior using learning-based ant colony optimization}},
    year = {2012},
    journal = {Engineering Applications of Artificial Intelligence},
    author = {Loyola, Pablo and Rom{\'{a}}n, Pablo E. and Vel{\'{a}}squez, Juan D.},
    isbn = {0952-1976},
    doi = {10.1016/j.engappai.2011.10.008},
    issn = {09521976},
    keywords = {Ant colony optimization, Multi-agent simulation, Text preferences, Web usage mining}
}

@article{Awad2012PredictionModel,
    title = {{Prediction of User's Web-Browsing Behavior: Application of Markov Model}},
    year = {2012},
    journal = {IEEE Transactions on Systems, Man, and Cybernetics, Part B (Cybernetics)},
    author = {Awad, M A and Khalil, I},
    number = {4},
    month = {1},
    pages = {1131--1142},
    volume = {42},
    url = {http://ieeexplore.ieee.org/document/6163417/ http://files/348/Awad et Khalil - 2012 - Prediction of User's Web-Browsing Behavior Applic.pdf},
    doi = {10.1109/TSMCB.2012.2187441},
    issn = {1083-4419, 1941-0492},
    language = {en}
}

@techreport{BaetenProcessAlgebra,
    title = {{Process algebra}},
    author = {Baeten, J C M and Van Beek, D A and Rooda, J E},
    url = {http://se.wpa.wtb.tue.nl/_media/vanbeek/procalg-handb-dynsys.pdf}
}

@article{Brunnstrom2013QualinetExperience,
    title = {{Qualinet white paper on definitions of quality of experience}},
    year = {2013},
    author = {Brunnstr{\"{o}}m, Kjell and Beker, Sergio Ariel and De Moor, Katrien and Dooms, Ann and Egger, Sebastian and Garcia, Marie-Neige and Hossfeld, Tobias and Jumisko-Pyykk{\"{o}}, Satu and Keimel, Christian and Larabi, Mohamed-Chaker}
}

@article{Arnold2011QVM:Systems,
    title = {{QVM: An Efficient Runtime for Detecting Defects in Deployed Systems}},
    year = {2011},
    journal = {ACM Transactions on Software Engineering and Methodology},
    author = {Arnold, Matthew and Vechev, Martin and Yahav, Eran},
    number = {1},
    month = {2},
    pages = {1--35},
    volume = {21},
    url = {http://dl.acm.org/citation.cfm?doid=2063239.2063241 http://files/271/Arnold et al. - 2011 - QVM An Efficient Runtime for Detecting Defects in.pdf},
    doi = {10.1145/2063239.2063241},
    issn = {1049331X},
    language = {en}
}

@article{Boi2016ReconstructingIdentification,
    title = {{Reconstructing User’s Attention on the Web Through Mouse Movements and Perception-Based Content Identification}},
    year = {2016},
    journal = {ACM Trans. Appl. Percept.},
    author = {Boi, Paolo and Fenu, Gianni and Spano, Lucio Davide and Vargiu, Valentino},
    number = {3},
    month = {1},
    pages = {1--15},
    volume = {13},
    url = {http://doi.acm.org/10.1145/2912124},
    doi = {10.1145/2912124},
    issn = {1544-3558},
    keywords = {User's attention, content segmentation, layout analysis, machine learning, mouse-eye correlation}
}

@article{EmbleyRecord-BoundaryDocuments,
    title = {{Record-Boundary Discovery in Web Documents}},
    author = {Embley, D W and Jiang, Y},
    pages = {12},
    url = {http://files/247/Embley et Jiang - Record-Boundary Discovery in Web Documents.pdf},
    language = {en}
}

@article{Hooshmand2018RecoveringTraces,
    title = {{Recovering user-interactions of Rich Internet Applications through replaying of HTTP traces}},
    year = {2018},
    journal = {Journal of Internet Services and Applications Hooshmand et al. Journal of Internet Services and Applications},
    author = {Hooshmand, Salman and Bochmann, Gregor V and Jourdan, Guy-Vincent and Couturier, Russell and Onut, Iosif-Viorel},
    pages = {9},
    volume = {9},
    url = {https://doi.org/10.1186/s13174-018-0081-8},
    isbn = {1317401800818},
    doi = {10.1186/s13174-018-0081-8},
    keywords = {HTTP traces, Rich Internet Applications, Traffic replay, User-interactions reconstruction}
}

@inproceedings{Leotta2014ReducingLocators,
    title = {{Reducing Web Test Cases Aging by Means of Robust XPath Locators}},
    year = {2014},
    booktitle = {2014 IEEE International Symposium on Software Reliability Engineering Workshops (ISSREW)},
    author = {Leotta, Maurizio and Stocco, Andrea and Ricca, Filippo and Tonella, Paolo},
    month = {6},
    pages = {449--454},
    publisher = {IEEE},
    url = {http://ieeexplore.ieee.org/lpdocs/epic03/wrapper.htm?arnumber=6983884 http://files/196/Leotta et al. - 2014 - Reducing Web Test Cases Aging by Means of Robust X.pdf http://files/217/leotta2014.pdf},
    isbn = {978-1-4799-7377-4},
    doi = {10.1109/ISSREW.2014.17},
    language = {en}
}

@article{BartoliRegex-basedProgramming,
    title = {{Regex-based Entity Extraction with Active Learning and Genetic Programming}},
    author = {Bartoli, Alberto and De Lorenzo, Andrea and Medvet, Eric and Tarlao, Fabiano},
    url = {http://dx.doi.org/10.1145/2851613.2851668},
    doi = {10.1145/2851613.2851668},
    keywords = {CCS Concepts •Information systems → Users and interactive re-trieval, Entity Extraction, Keywords Information Extraction, Machine Learning, Programming by Examples, •Computing methodologies → Learning par-adigms, •Mathematics of computing → Evolutionary algorithms}
}

@techreport{ZarembaREINFORCEMENTMACHINES-REVISED,
    title = {{REINFORCEMENT LEARNING NEURAL TURING MACHINES-REVISED}},
    author = {Zaremba, Wojciech and Sutskever, Ilya and Brain, Google},
    url = {https://github.com/ilyasu123/rlntm.},
    isbn = {1505.00521v3},
    arxivId = {1505.00521v3}
}

@article{Kang2010Repetition-basedDevices,
    title = {{Repetition-based web page segmentation by detecting tag patterns for small-screen devices}},
    year = {2010},
    journal = {IEEE Transactions on Consumer Electronics},
    author = {Kang, Jinbeom and Yang, Jaeyoung and Choi, Joongmin},
    number = {2},
    month = {4},
    pages = {980--986},
    volume = {56},
    url = {http://ieeexplore.ieee.org/document/5506029/ http://files/243/Kang et al. - 2010 - Repetition-based web page segmentation by detectin.pdf},
    doi = {10.1109/TCE.2010.5506029},
    issn = {0098-3063},
    language = {en}
}

@inproceedings{Barman2016Ringer:Demonstration,
    title = {{Ringer: web automation by demonstration}},
    year = {2016},
    booktitle = {the 2016 ACM SIGPLAN International Conference},
    author = {Barman, Shaon and Chasins, Sarah and Bodik, Rastislav and Gulwani, Sumit},
    month = {6},
    pages = {748--764},
    publisher = {ACM Press},
    url = {http://dl.acm.org/citation.cfm?doid=2983990.2984020 http://files/199/Barman et al. - 2016 - Ringer web automation by demonstration.pdf},
    isbn = {978-1-4503-4444-9},
    doi = {10.1145/2983990.2984020},
    language = {en}
}

@techreport{MaRobustDetection,
    title = {{Robust and Rapid Adaption for Concept Drift in Software System Anomaly Detection}},
    author = {Ma, Minghua and Zhang, Shenglin and Pei, Dan and Huang, Xin and Dai, Hongwei},
    url = {https://aiops.org/wp-content/uploads/2018/09/ISSRE18_StepWise.pdf},
    keywords = {Anomaly detection, Concept drift, Software ser-vice KPI, Web-based software system}
}

@book{YRobustClues,
    title = {{Robust Test Automation using Contextual Clues}},
    author = {Y, Rahulkrishna and Thummalapenta, Suresh and Sinha, Saurabh and Ch, Satish},
    url = {http://files/206/Y et al. - Robust Test Automation using Contextual Clues.pdf http://files/207/summary.html}
}

@inproceedings{Dalvi2009RobustModel,
    title = {{Robust web extraction: an approach based on a probabilistic tree-edit model}},
    year = {2009},
    booktitle = {the 35th SIGMOD international conference},
    author = {Dalvi, Nilesh and Bohannon, Philip and Sha, Fei},
    month = {1},
    pages = {335},
    publisher = {ACM Press},
    url = {http://portal.acm.org/citation.cfm?doid=1559845.1559882 http://files/382/Dalvi et al. - 2009 - Robust web extraction an approach based on a prob.pdf},
    isbn = {978-1-60558-551-2},
    doi = {10.1145/1559845.1559882},
    language = {en}
}

@article{LiblitSamplingIsolation,
    title = {{Sampling User Executions for Bug Isolation}},
    author = {Liblit, Ben and Aiken, Alex and Zheng, Alice X and Jordan, Michael I},
    pages = {4},
    url = {http://files/284/Liblit et al. - Sampling User Executions for Bug Isolation.pdf},
    language = {en}
}

@article{LiblitScalableIsolation,
    title = {{Scalable Statistical Bug Isolation}},
    author = {Liblit, Ben and Naik, Mayur and Zheng, Alice X and Aiken, Alex and Jordan, Michael I},
    pages = {12},
    url = {http://files/282/Liblit et al. - Scalable Statistical Bug Isolation.pdf},
    language = {en}
}

@article{Tang2015ScalingData,
    title = {{Scaling similarity joins over tree-structured data}},
    year = {2015},
    journal = {Proceedings of the VLDB Endowment},
    author = {Tang, Yu and Cai, Yilun and Mamoulis, Nikos},
    number = {11},
    pages = {1130--1141},
    volume = {8},
    doi = {10.14778/2809974.2809976},
    issn = {21508097}
}

@book{McMinn2004Search-BasedSurvey,
    title = {{Search-Based Software Test Data Generation: A Survey}},
    year = {2004},
    author = {McMinn, Phil},
    url = {http://files/274/McMinn - 2004 - Search-Based Software Test Data Generation A Surv.pdf http://files/275/summary.html}
}

@article{Ristoski2016SemanticSurvey,
    title = {{Semantic Web in data mining and knowledge discovery: A comprehensive survey}},
    year = {2016},
    journal = {Web Semantics: Science, Services and Agents on the World Wide Web},
    author = {Ristoski, Petar and Paulheim, Heiko},
    pages = {1--22},
    volume = {36},
    url = {http://dx.doi.org/10.1016/j.websem.2016.01.001},
    doi = {10.1016/j.websem.2016.01.001},
    keywords = {Data mining, Knowledge discovery, Linked Open Data, Semantic Web}
}

@book{Duong2013SemFix:Analysis,
    title = {{SemFix: Program Repair via Semantic Analysis}},
    year = {2013},
    author = {Duong, Hoang and Nguyen, Thien and Qi, Dawei and Roychoudhury, Abhik and Chandra, Satish},
    url = {https://www.comp.nus.edu.sg/~abhik/pdf/ICSE13-SEMFIX.pdf},
    isbn = {9781467330763}
}

@techreport{XuShowAttention,
    title = {{Show, Attend and Tell: Neural Image Caption Generation with Visual Attention}},
    author = {Xu, Kelvin and Ba, Jimmy Lei and Kiros, Ryan and Cho, Kyunghyun and Courville, Aaron and Salakhutdinov, Ruslan and Zemel, Richard S and Bengio, Yoshua},
    url = {https://arxiv.org/pdf/1502.03044.pdf},
    arxivId = {1502.03044v3}
}

@article{Yang2005SimilarityData,
    title = {{Similarity evaluation on tree-structured data}},
    year = {2005},
    journal = {Proceedings of the ACM SIGMOD International Conference on Management of Data},
    author = {Yang, Rui and Kalnis, Panos and Tung, Anthony K.H.},
    pages = {754--765},
    isbn = {1595930604},
    doi = {10.1145/1066157.1066243},
    issn = {07308078}
}

@inproceedings{Melnik2002SimilarityMatching,
    title = {{Similarity flooding: a versatile graph matching algorithm and its application to schema matching}},
    year = {2002},
    booktitle = {18th International Conference on Data Engineering},
    author = {Melnik, S and Garcia-Molina, H and Rahm, E},
    month = {6},
    pages = {117--128},
    publisher = {IEEE Comput. Soc},
    url = {http://ieeexplore.ieee.org/document/994702/ http://files/202/Melnik et al. - 2002 - Similarity flooding a versatile graph matching al.pdf},
    isbn = {978-0-7695-1531-1},
    doi = {10.1109/ICDE.2002.994702},
    language = {en}
}

@article{Zhang1989SimpleProblems,
    title = {{Simple fast algorithms for the editing distance between trees and related problems}},
    year = {1989},
    journal = {SIAM Journal on Computing},
    author = {Zhang, Kaizhong and Shasha, Dennis},
    number = {6},
    pages = {1245--1262},
    volume = {18},
    doi = {10.1137/0218082},
    issn = {00975397},
    keywords = {68p05, 68q20, 68q25, 68r10, ams, dynamic programming, editing distance, mos, parallel algorithm, pattern recognition, subject classifications, trees}
}

@article{Zhu2006SimultaneousExtraction,
    title = {{Simultaneous record detection and attribute labeling in web data extraction}},
    year = {2006},
    journal = {Proceedings of the ACM SIGKDD International Conference on Knowledge Discovery and Data Mining},
    author = {Zhu, Jun and Nie, Zaiqing and Wen, Ji Rong and Zhang, Bo and Ma, Wei Ying},
    pages = {494--503},
    volume = {2006},
    isbn = {1595933395},
    doi = {10.1145/1150402.1150457},
    keywords = {Attribute labeling, Conditional Random Fields, Data record detection, Hierarchical Conditional Random Fields, Web page segmentation}
}

@inproceedings{Alahi2016SocialSpaces,
    title = {{Social LSTM: Human Trajectory Prediction in Crowded Spaces}},
    year = {2016},
    booktitle = {2016 IEEE Conference on Computer Vision and Pattern Recognition (CVPR)},
    author = {Alahi, Alexandre and Goel, Kratarth and Ramanathan, Vignesh and Robicquet, Alexandre and Fei-Fei, Li and Savarese, Silvio},
    month = {1},
    pages = {961--971},
    publisher = {IEEE},
    url = {http://ieeexplore.ieee.org/document/7780479/ http://files/341/Alahi et al. - 2016 - Social LSTM Human Trajectory Prediction in Crowde.pdf},
    isbn = {978-1-4673-8851-1},
    doi = {10.1109/CVPR.2016.110},
    language = {en}
}

@inproceedings{Du2017Spell:Logs,
    title = {{Spell: Streaming parsing of system event logs}},
    year = {2017},
    booktitle = {Proceedings - IEEE International Conference on Data Mining, ICDM},
    author = {Du, Min and Li, Feifei},
    isbn = {9781509054725},
    doi = {10.1109/ICDM.2016.160},
    issn = {15504786}
}

@inproceedings{Thamviset2012StructuredPattern,
    title = {{Structured web information extraction using repetitive subject pattern}},
    year = {2012},
    booktitle = {2012 9th International Conference on Electrical Engineering/Electronics, Computer, Telecommunications and Information Technology (ECTI-CON 2012)},
    author = {Thamviset, Wachirawut and Wongthanavasu, Sartra},
    month = {3},
    pages = {1--4},
    publisher = {IEEE},
    url = {http://ieeexplore.ieee.org/document/6254247/ http://files/252/Thamviset et Wongthanavasu - 2012 - Structured web information extraction using repeti.pdf},
    isbn = {978-1-4673-2025-2 978-1-4673-2026-9 978-1-4673-2024-5},
    doi = {10.1109/ECTICon.2012.6254247},
    language = {en}
}

@techreport{Xu2010SystemLogs,
    title = {{System Problem Detection by Mining Console Logs}},
    year = {2010},
    author = {Xu, Wei},
    url = {http://www.eecs.berkeley.edu/Pubs/TechRpts/2010/EECS-2010-112.html}
}

@article{Bar-Yossef2019TemplateApplications,
    title = {{Template detection via data mining and its applications}},
    year = {2019},
    journal = {Proceedings of the 11th International Conference on World Wide Web, WWW '02},
    author = {Bar-Yossef, Ziv and Rajagopalan, Sridhar},
    month = {3},
    pages = {580--591},
    url = {http://search.lores.eu/library/Template Detection via Data Mining and its Applications.htm http://files/244/Template Detection via Data Mining and its Applications.html},
    isbn = {1581134495},
    doi = {10.1145/511446.511522},
    keywords = {Data mining, Hypertext, Information retrieval, Web searching}
}

@techreport{ChaudhariTemplatePages,
    title = {{Template Extraction From Heterogeneous Web Pages}},
    author = {Chaudhari, K P and Poonam, Miss and Dholi, Rangnath},
    url = {www.ijert.org},
    keywords = {MinHash, Minimum Description Length (MDL) principle, Template extraction, clustering}
}

@article{YooTestData,
    title = {{Test data augmentation : generating new test data from existing test data}},
    author = {Yoo, Shin and Harman, Mark},
    pages = {22},
    url = {http://files/273/Yoo et Harman - Test data augmentation  generating new test data .pdf},
    language = {en}
}

@inproceedings{Xu2005TestingPerturbation,
    title = {{Testing Web services by XML perturbation}},
    year = {2005},
    booktitle = {16th IEEE International Symposium on Software Reliability Engineering (ISSRE'05)},
    author = {Xu, Wuzhi and Offutt, J and Luo, Juan},
    pages = {10--266},
    url = {http://files/192/Wuzhi Xu et al. - 2005 - Testing Web services by XML perturbation.pdf http://files/191/1544740.html},
    doi = {10.1109/ISSRE.2005.44},
    keywords = {Application software, Data processing, Displays, HTML, Internet, Protocols, Software engineering, Software testing, Web service testing, Web services, XML, XML messages, XML perturbation, XML schemas, XML-based communication, eXtensible Markup Language, program testing, schema perturbation operator, software testing, test generation, web services}
}

@inproceedings{Abiteboul2009TheModel,
    title = {{The AXML Artifact Model}},
    year = {2009},
    booktitle = {2009 16th International Symposium on Temporal Representation and Reasoning},
    author = {Abiteboul, S and Bourhis, P and Galland, A and Marinoiu, B},
    pages = {11--17},
    url = {http://files/230/Abiteboul et al. - 2009 - The AXML Artifact Model.pdf http://files/229/5368565.html},
    doi = {10.1109/TIME.2009.9},
    keywords = {AXML artifact model, Active XML, Control systems, Database systems, History, Humans, Logic, Manufacturing systems, Monitoring, Spatial databases, Web service calls, Web services, XML, XML trees, artifact, business artifacts, commerce, data capture, data-centric workflow approach, database, distributed systems monitoring, documents, formal verification, system monitoring, temporal properties verification, trees (mathematics), workflow, workflow management activities, workflow management software}
}

@article{Casey1996TheExtraction,
    title = {{The Dynamics of Discrete-Time Computation, with Application to Recurrent Neural Networks and Finite State Machine Extraction}},
    year = {1996},
    journal = {Neural Computation},
    author = {Casey, Mike},
    number = {6},
    month = {8},
    pages = {1135--1178},
    volume = {8},
    url = {http://www.mitpressjournals.org/doi/10.1162/neco.1996.8.6.1135},
    doi = {10.1162/neco.1996.8.6.1135},
    issn = {0899-7667}
}

@techreport{HudakTheSymphonies,
    title = {{The Haskell School of Music-From Signals to Symphonies}},
    author = {Hudak, Paul}
}

@article{Thomas1993TheMethods,
    title = {{The industrial use of formal methods}},
    year = {1993},
    journal = {Microprocessors and Microsystems},
    author = {Thomas, Martyn},
    number = {1},
    month = {2},
    pages = {31--36},
    volume = {17},
    url = {http://linkinghub.elsevier.com/retrieve/pii/014193319390091K http://files/292/Thomas - 1993 - The industrial use of formal methods.pdf},
    doi = {10.1016/0141-9331(93)90091-K},
    issn = {01419331},
    language = {en}
}

@book{Lai-ChongLaw2011TheExperience,
    title = {{The Measurability and Predictability of User Experience}},
    year = {2011},
    author = {Lai-Chong Law, Effie},
    url = {http://www.adaptivepath.com/ideas/the-},
    isbn = {9781450306706},
    keywords = {Measurability, Predictability, UX Usability, UX measures, User experience, usability measures General Terms General ACM Class}
}

@article{Augsten2010TheTrees,
    title = {{The pq-gram distance between ordered labeled trees}},
    year = {2010},
    journal = {ACM Transactions on Database Systems},
    author = {Augsten, Nikolaus and B{\"{o}}hlen, Michael and Gamper, Johann},
    number = {1},
    pages = {1--35},
    volume = {35},
    doi = {10.1145/1670243.1670247},
    issn = {03625915},
    keywords = {Approximate matching, Database algorithms, Distance metric, Hierarchical data, Similarity search, Tree edit distance, XML}
}

@article{Augsten2010TheTreesb,
    title = {{The pq-gram distance between ordered labeled trees}},
    year = {2010},
    journal = {ACM Transactions on Database Systems},
    author = {Augsten, Nikolaus ; and B{\"{o}}hlen, Michael ; and Gamper, Johann and Augsten, Nikolaus ; and Ohlen, Michael B ¨ and Gamper, Johann},
    number = {1},
    pages = {1--35},
    volume = {35},
    url = {www.zora.uzh.churl:https://doi.org/10.5167/uzh-44572JournalArticle},
    doi = {10.1145/1670243.1670247},
    issn = {03625915},
    keywords = {Approximate matching, Database algorithms, Distance metric, Experimentation, G22 [Discrete Mathematics]: Graph Theory-Trees Gen, H24 [Database Management]: Systems-Relational data, H31 [Information Storage and Retrieval]: Content A, Hierarchical data, Performance Additional Key Words and Phrases: Data, Similarity search, Tree edit distance, XML, approximate matching, distance metric, hierarchical data, query processing, similarity search, tree edit distance}
}

@inproceedings{Aranda2009TheRepositories,
    title = {{The secret life of bugs: Going past the errors and omissions in software repositories}},
    year = {2009},
    booktitle = {2009 IEEE 31st International Conference on Software Engineering},
    author = {Aranda, Jorge and Venolia, Gina},
    month = {2},
    pages = {298--308},
    publisher = {IEEE},
    url = {http://ieeexplore.ieee.org/document/5070530/ http://files/279/Aranda et Venolia - 2009 - The secret life of bugs Going past the errors and.pdf},
    isbn = {978-1-4244-3453-4},
    doi = {10.1109/ICSE.2009.5070530},
    language = {en}
}

@techreport{Seijcow1977THEPROBLEM,
    title = {{THE TREE-TO-TREE EDITING PROBLEM}},
    year = {1977},
    author = {Seijcow, Stanley M},
    keywords = {Tree, algorithm, editing, tree correction}
}

@article{TANAKA1988THEPROBLEM,
    title = {{THE TREE-TO-TREE EDITING PROBLEM}},
    year = {1988},
    journal = {International Journal of Pattern Recognition and Artificial Intelligence},
    author = {TANAKA, EIICHI and TANAKA, KEIKO},
    number = {02},
    month = {6},
    pages = {221--240},
    volume = {02},
    publisher = {World Scientific Pub Co Pte Lt},
    doi = {10.1142/s0218001488000157},
    issn = {0218-0014},
    keywords = {Tree correction, Tree distance, Tree modification, Tree similarity}
}

@techreport{GomezTowardsFeedback,
    title = {{Towards Improving the Quality of Mobile Apps by Leveraging Crowdsourced Feedback}},
    author = {Gomez, Maria},
    url = {https://tel.archives-ouvertes.fr/tel-01418298v2}
}

@article{Lacruz2016TowardsFeedback,
    title = {{Towards Improving the Quality of Mobile Apps by Leveraging Crowdsourced Feedback}},
    year = {2016},
    author = {Lacruz, María Gómez},
    pages = {196},
    url = {http://files/290/Lacruz - 2016 - Towards Improving the Quality of Mobile Apps by Le.pdf},
    language = {en}
}

@article{Sarsam2018TowardsDisplay,
    title = {{Towards incorporating personality into the design of an interface: a method for facilitating users’ interaction with the display}},
    year = {2018},
    journal = {User Modeling and User-Adapted Interaction},
    author = {Sarsam, Samer Muthana and Al-Samarraie, Hosam},
    number = {1},
    month = {2},
    pages = {75--96},
    volume = {28},
    url = {http://link.springer.com/10.1007/s11257-018-9201-1 http://files/321/Sarsam et Al-Samarraie - 2018 - Towards incorporating personality into the design .pdf},
    doi = {10.1007/s11257-018-9201-1},
    issn = {0924-1868, 1573-1391},
    language = {en}
}

@article{Just2008TowardsSystems,
    title = {{Towards the next generation of bug tracking systems}},
    year = {2008},
    journal = {Proceedings - 2008 IEEE Symposium on Visual Languages and Human-Centric Computing, VL/HCC 2008},
    author = {Just, Sascha and Premraj, Rahul and Zimmermann, Thomas},
    number = {June},
    pages = {82--85},
    isbn = {9781424425280},
    doi = {10.1109/VLHCC.2008.4639063}
}

@article{Schmidt2007TrackingTesting,
    title = {{Tracking the interaction of users with AJAX applications for usability testing Collaborative Interactive Learning View project CIMPLEX | Bringing CItizens, Models and Data together in Participatory, Interactive SociaL EXploratories View project Tracking the Interaction of Users with AJAX Applications for Usability Testing}},
    year = {2007},
    author = {Schmidt, Albrecht and Atterer, Richard},
    url = {http://www.google.de/},
    isbn = {9781595935939},
    doi = {10.1145/1240624.1240828},
    keywords = {Author Keywords Website usability evaluation, AJAX application interaction logging, mouse tracking, HTTP proxy, RIA, UsaProxy ACM Classification Keywords H51 Information Interfaces and Presentation: Multimedia Information Systems-Evaluation/methodology, D25 Software Engineering: Testing and Debugging, H52 In-formation Interfaces and Presentation: User Interfaces-In-teraction styles, H54 Information Interfaces and Presentation: Hypertext/Hypermedia-User issues}
}

@techreport{BringmannTreeCan,
    title = {{Tree Edit Distance Cannot be Computed in Strongly Subcubic Time (unless APSP can)}},
    author = {Bringmann, Karl and Gawrychowski, Paweł and Mozes, Shay and Weimann, Oren},
    arxivId = {1703.08940v1}
}

@techreport{ChenTree-to-treeTranslation,
    title = {{Tree-to-tree Neural Networks for Program Translation}},
    author = {Chen, Xinyun and Liu, Chang and Song, Dawn},
    url = {https://arxiv.org/pdf/1802.03691.pdf},
    arxivId = {1802.03691v2}
}

@techreport{FrankPlumptonRamseyTruthProbability,
    title = {{Truth and Probability}},
    author = {{Frank Plumpton Ramsey}},
    url = {http://cepa.newschool.edu/het/}
}

@misc{TuringNetworks,
    title = {{Turing Machines are Recurrent Neural Networks}},
    url = {http://lipas.uwasa.fi/stes/step96/step96/hyotyniemi1/}
}

@inproceedings{Hernandez2014UnderUsers,
    title = {{Under pressure: sensing stress of computer users}},
    year = {2014},
    booktitle = {the 32nd annual ACM conference},
    author = {Hernandez, Javier and Paredes, Pablo and Roseway, Asta and Czerwinski, Mary},
    month = {1},
    pages = {51--60},
    publisher = {ACM Press},
    url = {http://dl.acm.org/citation.cfm?doid=2556288.2557165 http://files/332/Hernandez et al. - 2014 - Under pressure sensing stress of computer users.pdf},
    isbn = {978-1-4503-2473-1},
    doi = {10.1145/2556288.2557165},
    language = {en}
}

@inproceedings{Teevan2011UnderstandingNavigation,
    title = {{Understanding and predicting personal navigation}},
    year = {2011},
    booktitle = {the fourth ACM international conference},
    author = {Teevan, Jaime and Liebling, Daniel J and Ravichandran Geetha, Gayathri},
    month = {1},
    pages = {85},
    publisher = {ACM Press},
    url = {http://portal.acm.org/citation.cfm?doid=1935826.1935848 http://files/350/Teevan et al. - 2011 - Understanding and predicting personal navigation.pdf},
    isbn = {978-1-4503-0493-1},
    doi = {10.1145/1935826.1935848},
    language = {en}
}

@techreport{UnderstandingAlgorithms,
    title = {{Understanding Machine Learning: From Theory to Algorithms}},
    url = {http://www.cs.huji.ac.il/~shais/UnderstandingMachineLearning}
}

@inproceedings{Rose2004UnderstandingSearch,
    title = {{Understanding user goals in web search}},
    year = {2004},
    booktitle = {the 13th conference},
    author = {Rose, Daniel E and Levinson, Danny},
    month = {12},
    pages = {13},
    publisher = {ACM Press},
    url = {http://portal.acm.org/citation.cfm?doid=988672.988675 http://files/366/Rose et Levinson - 2004 - Understanding user goals in web search.pdf},
    isbn = {978-1-58113-844-3},
    doi = {10.1145/988672.988675},
    language = {en}
}

@article{Srivastava2015UnsupervisedLSTMs,
    title = {{Unsupervised Learning of Video Representations using LSTMs}},
    year = {2015},
    journal = {arXiv:1502.04681 [cs]},
    author = {Srivastava, Nitish and Mansimov, Elman and Salakhutdinov, Ruslan},
    month = {12},
    url = {http://arxiv.org/abs/1502.04681 http://files/367/Srivastava et al. - 2015 - Unsupervised Learning of Video Representations usi.pdf},
    keywords = {Computer Science - Computer Vision and Pattern Rec, Computer Science - Machine Learning, Computer Science - Neural and Evolutionary Computi},
    language = {en}
}

@misc{2019USENIXTrack,
    title = {{USENIX '04 — Technical Paper, General Track}},
    year = {2019},
    month = {3},
    url = {https://www.usenix.org/legacy/event/usenix04/tech/general/full_papers/srinivasan/srinivasan_html/ http://files/261/srinivasan_html.html}
}

@inproceedings{Pusara2004UserMovements,
    title = {{User re-authentication via mouse movements}},
    year = {2004},
    booktitle = {the 2004 ACM workshop},
    author = {Pusara, Maja and Brodley, Carla E},
    month = {1},
    pages = {1},
    publisher = {ACM Press},
    url = {http://portal.acm.org/citation.cfm?doid=1029208.1029210 http://files/329/Pusara et Brodley - 2004 - User re-authentication via mouse movements.pdf},
    isbn = {978-1-58113-974-7},
    doi = {10.1145/1029208.1029210},
    language = {en}
}

@article{Ricca2003UsingPages,
    title = {{Using clustering to support the migration from static to dynamic web pages}},
    year = {2003},
    journal = {Proceedings - IEEE Workshop on Program Comprehension},
    author = {Ricca, F. and Tonella, P.},
    pages = {207--216},
    volume = {2003-May},
    isbn = {0769518834},
    doi = {10.1109/WPC.2003.1199204},
    issn = {10928138}
}

@inproceedings{Ammann1998UsingSpecifications,
    title = {{Using Model Checking to Generate Tests from Specifications}},
    year = {1998},
    author = {Ammann, Paul E and Black, Paul E and Majurski, William},
    pages = {46--54},
    publisher = {IEEE Computer Society},
    url = {http://files/276/Ammann et al. - 1998 - Using Model Checking to Generate Tests from Specif.pdf http://files/277/summary.html}
}

@inproceedings{Leotta2015UsingCases,
    title = {{Using Multi-Locators to Increase the Robustness of Web Test Cases}},
    year = {2015},
    booktitle = {2015 IEEE 8th International Conference on Software Testing, Verification and Validation (ICST)},
    author = {Leotta, Maurizio and Stocco, Andrea and Ricca, Filippo and Tonella, Paolo},
    month = {6},
    pages = {1--10},
    publisher = {IEEE},
    url = {http://ieeexplore.ieee.org/document/7102611/ http://files/204/Leotta et al. - 2015 - Using Multi-Locators to Increase the Robustness of.pdf},
    isbn = {978-1-4799-7125-1},
    doi = {10.1109/ICST.2015.7102611},
    language = {en}
}

@inproceedings{Lerman2004UsingTables,
    title = {{Using the structure of Web sites for automatic segmentation of tables}},
    year = {2004},
    booktitle = {the 2004 ACM SIGMOD international conference},
    author = {Lerman, Kristina and Getoor, Lise and Minton, Steven and Knoblock, Craig},
    month = {3},
    pages = {119},
    publisher = {ACM Press},
    url = {http://portal.acm.org/citation.cfm?doid=1007568.1007584 http://files/245/Lerman et al. - 2004 - Using the structure of Web sites for automatic seg.pdf},
    isbn = {978-1-58113-859-7},
    doi = {10.1145/1007568.1007584},
    language = {en}
}

@incollection{Leotta2014VisualStudy,
    title = {{Visual vs. DOM-Based Web Locators: An Empirical Study}},
    year = {2014},
    booktitle = {Web Engineering},
    author = {Leotta, Maurizio and Clerissi, Diego and Ricca, Filippo and Tonella, Paolo},
    editor = {Casteleyn, Sven and Rossi, Gustavo and Winckler, Marco},
    month = {6},
    pages = {322--340},
    volume = {8541},
    publisher = {Springer International Publishing},
    url = {http://link.springer.com/10.1007/978-3-319-08245-5_19 http://files/197/Leotta et al. - 2014 - Visual vs. DOM-Based Web Locators An Empirical St.pdf},
    address = {Cham},
    isbn = {978-3-319-08244-8 978-3-319-08245-5},
    language = {en}
}

@inproceedings{Stocco2018VisualRepair,
    title = {{Visual web test repair}},
    year = {2018},
    booktitle = {the 2018 26th ACM Joint Meeting},
    author = {Stocco, Andrea and Yandrapally, Rahulkrishna and Mesbah, Ali},
    month = {7},
    pages = {503--514},
    publisher = {ACM Press},
    url = {http://dl.acm.org/citation.cfm?doid=3236024.3236063 http://files/190/Stocco et al. - 2018 - Visual web test repair.pdf},
    isbn = {978-1-4503-5573-5},
    doi = {10.1145/3236024.3236063},
    language = {en}
}

@techreport{LeeWassersteinNetworks,
    title = {{Wasserstein Introspective Neural Networks}},
    author = {Lee, Kwonjoon and Xu, Weijian and Fan, Fan and Tu, Zhuowen},
    url = {https://github.com/kjunelee/WINN},
    arxivId = {1711.08875v5}
}
@inproceedings{mesbah2009invariant,
  title={Invariant-based automatic testing of AJAX user interfaces},
  author={Mesbah, Ali and Van Deursen, Arie},
  booktitle={2009 IEEE 31st International Conference on Software Engineering},
  pages={210--220},
  year={2009},
  organization={IEEE}
}
@inproceedings{yuan2007using,
  title={Using GUI run-time state as feedback to generate test cases},
  author={Yuan, Xun and Memon, Atif M},
  booktitle={29th International Conference on Software Engineering (ICSE'07)},
  pages={396--405},
  year={2007},
  organization={IEEE}
}
@article{leveau2022fostering,
  title={Fostering the diversity of exploratory testing in web applications},
  author={Leveau, Julien and Blanc, Xavier and R{\'e}veill{\`e}re, Laurent and Falleri, Jean-R{\'e}my and Rouvoy, Romain},
  journal={Software Testing, Verification and Reliability},
  volume={32},
  number={5},
  pages={e1827},
  year={2022},
  publisher={Wiley Online Library}
}
@inproceedings{gunduz2003web,
  title={A web page prediction model based on click-stream tree representation of user behavior},
  author={G{\"u}nd{\"u}z, {\c{S}}ule and {\"O}zsu, M Tamer},
  booktitle={Proceedings of the ninth ACM SIGKDD international conference on Knowledge discovery and data mining},
  pages={535--540},
  year={2003}
}
@inproceedings{agichtein2006improving,
  title={Improving web search ranking by incorporating user behavior information},
  author={Agichtein, Eugene and Brill, Eric and Dumais, Susan},
  booktitle={Proceedings of the 29th annual international ACM SIGIR conference on Research and development in information retrieval},
  pages={19--26},
  year={2006}
}
@inproceedings{agichtein2006learning,
  title={Learning user interaction models for predicting web search result preferences},
  author={Agichtein, Eugene and Brill, Eric and Dumais, Susan and Ragno, Robert},
  booktitle={Proceedings of the 29th annual international ACM SIGIR conference on Research and development in information retrieval},
  pages={3--10},
  year={2006}
}
@inproceedings{yamauchi2013mouse,
  title={Mouse trajectories and state anxiety: feature selection with random forest},
  author={Yamauchi, Takashi},
  booktitle={2013 Humaine Association Conference on Affective Computing and Intelligent Interaction},
  pages={399--404},
  year={2013},
  organization={IEEE}
}
@inproceedings{guo2008exploring,
  title={Exploring mouse movements for inferring query intent},
  author={Guo, Qi and Agichtein, Eugene},
  booktitle={Proceedings of the 31st annual international ACM SIGIR conference on Research and development in information retrieval},
  pages={707--708},
  year={2008}
}
@article{sarukkai2000link,
  title={Link prediction and path analysis using markov chains},
  author={Sarukkai, Ramesh R},
  journal={Computer Networks},
  volume={33},
  number={1-6},
  pages={377--386},
  year={2000},
  publisher={Elsevier}
}
@inproceedings{mobasher2001effective,
  title={Effective personalization based on association rule discovery from web usage data},
  author={Mobasher, Bamshad and Dai, Honghua and Luo, Tao and Nakagawa, Miki},
  booktitle={Proceedings of the 3rd international workshop on Web information and data management},
  pages={9--15},
  year={2001}
}

@inproceedings{biagiola2019diversity,
  title={Diversity-based web test generation},
  author={Biagiola, Matteo and Stocco, Andrea and Ricca, Filippo and Tonella, Paolo},
  booktitle={Proceedings of the 2019 27th ACM Joint Meeting on European Software Engineering Conference and Symposium on the Foundations of Software Engineering},
  pages={142--153},
  year={2019}
}

@book{Choudhary2011WATER:Repair,
    title = {{WATER: Web Application TEst Repair}},
    year = {2011},
    author = {Choudhary, Shauvik Roy and Zhao, Dan and Versee, Husayn and Orso, Alessandro},
    url = {http://www.gatech.edu/},
    isbn = {9781450308083},
    keywords = {D25 [Software Engineering]: Testing and Debugging, Verification Keywords Web testing, test repair}
}

@inproceedings{Hammoudi2016WATERFALL:Applications,
    title = {{WATERFALL: an incremental approach for repairing record-replay tests of web applications}},
    year = {2016},
    booktitle = {the 2016 24th ACM SIGSOFT International Symposium},
    author = {Hammoudi, Mouna and Rothermel, Gregg and Stocco, Andrea},
    month = {5},
    pages = {751--762},
    publisher = {ACM Press},
    url = {http://dl.acm.org/citation.cfm?doid=2950290.2950294 http://files/223/Hammoudi et al. - 2016 - WATERFALL an incremental approach for repairing r.pdf},
    isbn = {978-1-4503-4218-6},
    doi = {10.1145/2950290.2950294},
    language = {en}
}

@article{Cheng1985WaveformMatching,
    title = {{Waveform Correlation by Tree Matching}},
    year = {1985},
    journal = {IEEE Transactions on Pattern Analysis and Machine Intelligence},
    author = {Cheng, Yao Chou and Lu, Shin Yee},
    number = {3},
    pages = {299--305},
    volume = {PAMI-7},
    doi = {10.1109/TPAMI.1985.4767658},
    issn = {01628828},
    keywords = {Correlation, distance, relational tree, tree matching, waveform}
}

@techreport{Beri2013WebRate,
    title = {{Web Analytics: Increasing Website's Usability and Conversion Rate}},
    year = {2013},
    booktitle = {International Journal of Computer Applications},
    author = {Beri, Bhavna and Parminder, Asst Prof},
    number = {6},
    pages = {975--8887},
    volume = {72},
    keywords = {Internal Searches, New Visitors, Page Views, Return Visitors, SEO, Time on Site, Web Analytics, World Wide Web, communication capacity, conversion rate, usability}
}

@inproceedings{Zhai2005WebAlignment,
    title = {{Web data extraction based on partial tree alignment}},
    year = {2005},
    author = {Zhai, Yanhong and Liu, Bing and Yanhong, Zha and Bing, Liu and Zhai, Yanhong},
    pages = {76--85},
    url = {http://files/181/Zhai - 2005 - Web data extraction based on partial tree alignmen.pdf http://files/182/summary.html},
    keywords = {Experimentation Keywords: Data extraction, H3m [Information Storage and Retrieval]: Miscellan, Web General Terms: Algorithms, Wrapper Generation, data record extraction, wrapper}
}

@techreport{Ferrara2014WebSurvey,
    title = {{Web Data Extraction, Applications and Techniques: A Survey}},
    year = {2014},
    author = {Ferrara, Emilio and De Meo, Pasquale and Fiumara, Giacomo and Baumgartner, Robert},
    arxivId = {1207.0246v4},
    keywords = {Business Intelligence, Information Retrieval, Knowledge Engineering, Knowledge-based Systems, Web Data Mining, Web Information Extraction}
}

@article{Kosala2000WebSurvey,
    title = {{Web Mining Research: A Survey}},
    year = {2000},
    journal = {arXiv:cs/0011033},
    author = {Kosala, Raymond and Blockeel, Hendrik},
    month = {3},
    url = {http://arxiv.org/abs/cs/0011033 http://files/265/0011033.pdf},
    keywords = {Computer Science - Databases, Computer Science - Machine Learning, H.2.8, I.2.6, Web, data mining, information extrac-tion, information retrieval},
    language = {en}
}

@techreport{CooleyWeb,
    title = {{Web Mining: Information and Pattern Discovery on the World Wide Web *}},
    author = {Cooley, R and Srivastava, J},
    url = {https://pdfs.semanticscholar.org/6a13/59439d4a745a31e1eca2d55688132f7e0fb7.pdf?_ga=2.133057546.504208380.1544607347-580098295.1544379849}
}

@article{MobasherWebTransactions,
    title = {{Web Mining: Pattern Discovery from World Wide Web Transactions}},
    author = {Mobasher, Bamshad and Jain, Namit and Srivastava, Jaideep},
    pages = {12},
    url = {http://files/264/Mobasher et al. - Web Mining Pattern Discovery from World Wide Web .pdf},
    language = {en}
}

@inproceedings{Vineel2009WebSegmentation,
    title = {{Web page DOM node characterization and its application to page segmentation}},
    year = {2009},
    booktitle = {2009 IEEE International Conference on Internet Multimedia Services Architecture and Applications (IMSAA)},
    author = {Vineel, G},
    pages = {1--6},
    url = {http://files/251/5439444.html},
    doi = {10.1109/IMSAA.2009.5439444},
    keywords = {Bars, DOM tree mining approach, Data mining, Document Object Model, Entropy, HTML, Internet, Navigation, Size measurement, Tree data structures, Tree graphs, Usability, Web Information Extraction, Web Page Segmentation, Web page DOM node characterization, Web pages, advertisement banners, content size, distributed object management, entropy, headers, information extraction, navigation bars, page segmentation application, portlets, unstructured data, visually distinct segments, widgets}
}

@inproceedings{Vineel2009WebSegmentationb,
    title = {{Web page DOM node characterization and its application to page segmentation}},
    year = {2009},
    booktitle = {2009 3rd International Conference on Internet Multimedia Services Architecture and Application (IMSAA)},
    author = {Vineel, Gujjar},
    month = {3},
    pages = {1--6},
    publisher = {IEEE},
    url = {http://ieeexplore.ieee.org/document/5439444/ http://files/248/Vineel - 2009 - Web page DOM node characterization and its applica.pdf},
    isbn = {978-1-4244-4792-3},
    doi = {10.1109/IMSAA.2009.5439444},
    language = {en}
}

@inproceedings{and2010WebExtraction,
    title = {{Web page repetitive structure and URL feature based Deep Web data extraction}},
    year = {2010},
    booktitle = {2010 Second International Conference on Communication Systems, Networks and Applications (ICCSNA)},
    author = {and, and and Li, Xingyi and Kong, Yanyan and Shi, Huaji},
    month = {3},
    pages = {361--364},
    volume = {1},
    publisher = {IEEE},
    url = {http://ieeexplore.ieee.org/document/5588744/ http://files/249/Xingyi Li et al. - 2010 - Web page repetitive structure and URL feature base.pdf http://files/250/5588744.html},
    isbn = {978-1-4244-7475-2},
    doi = {10.1109/ICCSNA.2010.5588744},
    keywords = {Accuracy, Data mining, Deep Web, Deep Web data extraction, Educational institutions, Feature extraction, Internet, URL feature, Web page repetitive structure, Web sites, data extraction, information retrieval, noise interference, similar URL, web page repetitive structure},
    language = {en}
}

@article{YesiladaWebReview,
    title = {{Web Page Segmentation: A Review}},
    author = {Yesilada, Yeliz},
    pages = {43},
    url = {http://files/253/Yesilada - Web Page Segmentation A Review.pdf},
    language = {en}
}

@article{Spiliopoulou2000WebProject,
    title = {{Web Usage Mining for Web Site Evaluation Web-KDD-KDD Workshop Series on Web Mining and Web Usage Analysis View project Data Mining View project}},
    year = {2000},
    journal = {Article in Communications of the ACM},
    author = {Spiliopoulou, Myra},
    url = {https://www.researchgate.net/publication/27293588},
    doi = {10.1145/345124.345167}
}

@techreport{Srivastava2000WebData,
    title = {{Web Usage Mining: Discovery and Applications of Usage Patterns from Web Data. Web-KDD-KDD Workshop Series on Web Mining and Web Usage Analysis View project Web Data Mining View project Web Usage Mining: Discovery and Applications of Usage Patterns from Web Data}},
    year = {2000},
    author = {Srivastava, Jaideep and Deshpande, Mukund and Cooley, Robert and Tan, Pang-Ning},
    url = {https://www.researchgate.net/publication/220519964}
}

@inproceedings{Chen2001WhatBrowsing,
    title = {{What can a mouse cursor tell us more?: correlation of eye/mouse movements on web browsing}},
    year = {2001},
    booktitle = {CHI '01 Extended Abstracts on Human Factors in Computing Systems},
    author = {Chen, Mon Chu and Anderson, John R and Sohn, Myeong Ho},
    month = {1},
    pages = {281--282},
    publisher = {ACM},
    url = {http://dl.acm.org/citation.cfm?id=634067.634234 http://files/330/citation.html},
    isbn = {978-1-58113-340-0},
    doi = {10.1145/634067.634234}
}

@inproceedings{Hammoudi2016WhyBreak,
    title = {{Why do Record/Replay Tests of Web Applications Break?}},
    year = {2016},
    booktitle = {2016 IEEE International Conference on Software Testing, Verification and Validation (ICST)},
    author = {Hammoudi, Mouna and Rothermel, Gregg and Tonella, Paolo},
    month = {6},
    pages = {180--190},
    publisher = {IEEE},
    url = {http://ieeexplore.ieee.org/document/7515470/ http://files/203/Hammoudi et al. - 2016 - Why do RecordReplay Tests of Web Applications Bre.pdf http://files/205/Hammoudi et al. - 2016 - Why do RecordReplay Tests of Web Applications Bre.pdf},
    isbn = {978-1-5090-1827-7},
    doi = {10.1109/ICST.2016.16},
    language = {en}
}

@misc{Garofalakis2005XMLEmbeddings,
    title = {{XML stream processing using tree-edit distance embeddings}},
    year = {2005},
    booktitle = {ACM Transactions on Database Systems},
    author = {Garofalakis, Minos and Kumar, Amit},
    number = {1},
    month = {3},
    pages = {279--332},
    volume = {30},
    url = {https://dl.acm.org/doi/10.1145/1061318.1061326},
    doi = {10.1145/1061318.1061326},
    issn = {03625915},
    keywords = {Approximate query processing, Data streams, Data synopses, Metric-space embeddings, Tree-edit distance, XML}
}

@article{Garofalakis2000XTRACT:Documents,
    title = {{XTRACT: A system for extracting document type descriptors from XML documents}},
    year = {2000},
    journal = {SIGMOD Record (ACM Special Interest Group on Management of Data)},
    author = {Garofalakis, Minos and Gionis, Aristides and Rastogi, Rajeev and Seshadri, S. and Shim, Kyuseok},
    number = {2},
    pages = {165--176},
    volume = {29},
    isbn = {1581132182},
    doi = {10.1145/335191.335409},
    issn = {01635808}
}