@article{tai1979tree,
  title={The tree-to-tree correction problem},
  author={Tai, Kuo-Chung},
  journal={Journal of the ACM (JACM)},
  volume={26},
  number={3},
  pages={422--433},
  year={1979},
  publisher={ACM}
}
@article{jones1972statistical,
  title={A statistical interpretation of term specificity and its application in retrieval},
  author={Jones, Karen Sparck},
  journal={Journal of documentation},
  year={1972},
  publisher={MCB UP Ltd}
}
@article{pawlik2011rted,
  title={RTED: a robust algorithm for the tree edit distance},
  author={Pawlik, Mateusz and Augsten, Nikolaus},
  journal={Proceedings of the VLDB Endowment},
  volume={5},
  number={4},
  pages={334--345},
  year={2011},
  publisher={VLDB Endowment}
}

@misc{brisset2021erratum,
      title={Erratum: Leveraging Flexible Tree Matching to Repair Broken Locators in Web Automation Scripts}, 
      author={Sacha Brisset and Romain Rouvoy and Lionel Seinturier and Renaud Pawlak},
      year={2021},
      eprint={2106.04916},
      archivePrefix={arXiv},
      primaryClass={cs.SE},
      note = {arXiv},
      url = {https://arxiv.org/abs/2106.04916}
}

@inproceedings{kumar2011bricolage,
  title={Bricolage: example-based retargeting for web design},
  author={Kumar, Ranjitha and Talton, Jerry O and Ahmad, Salman and Klemmer, Scott R},
  booktitle={Proceedings of the SIGCHI Conference on Human Factors in Computing Systems},
  pages={2197--2206},
  year={2011},
  organization={ACM}
}

@inproceedings{choudhary2011water,
  title={Water: Web application test repair},
  author={Choudhary, Shauvik Roy and Zhao, Dan and Versee, Husayn and Orso, Alessandro},
  booktitle={Proceedings of the First International Workshop on End-to-End Test Script Engineering},
  pages={24--29},
  year={2011},
  organization={ACM}
}

@article{imtiaz2019systematic,
  title={A systematic literature review of test breakage prevention and repair techniques},
  author={Imtiaz, Javaria and Sherin, Salman and Khan, Muhammad Uzair and Iqbal, Muhammad Zohaib},
  journal={Information and Software Technology},
  volume={113},
  pages={1--19},
  year={2019},
  publisher={Elsevier}
}
@inproceedings{leotta2015using,
  title={Using multi-locators to increase the robustness of web test cases},
  author={Leotta, Maurizio and Stocco, Andrea and Ricca, Filippo and Tonella, Paolo},
  booktitle={ICST},
  pages={1--10},
  year={2015},
  organization={IEEE}
}
@inproceedings{leotta2015meta,
  title={Meta-heuristic generation of robust XPath locators for web testing},
  author={Leotta, Maurizio and Stocco, Andrea and Ricca, Filippo and Tonella, Paolo},
  booktitle={SBST},
  pages={36--39},
  year={2015},
  organization={IEEE}
}
@inproceedings{bajaj2015synthesizing,
  title={Synthesizing web element locators (T)},
  author={Bajaj, Kartik and Pattabiraman, Karthik and Mesbah, Ali},
  booktitle={2015 30th IEEE/ACM International Conference on Automated Software Engineering (ASE)},
  pages={331--341},
  year={2015},
  organization={IEEE}
}
@inproceedings{zheng2018method,
  title={A Method of Optimizing Multi-Locators Based on Machine Learning},
  author={Zheng, Yu and Huang, Song and Hui, Zhan-wei and Wu, Ya-Ning},
  booktitle={2018 IEEE International Conference on Software Quality, Reliability and Security Companion (QRS-C)},
  pages={172--174},
  year={2018},
  organization={IEEE}
}
@inproceedings{long2020webrr,
  title={WebRR: self-replay enhanced robust record/replay for web application testing},
  author={Long, Zhenyue and Wu, Guoquan and Chen, Xiaojiang and Chen, Wei and Wei, Jun},
  booktitle={Proceedings of the 28th ACM Joint Meeting on European Software Engineering Conference and Symposium on the Foundations of Software Engineering},
  pages={1498--1508},
  year={2020}
}
@inproceedings{hammoudi2016waterfall,
  title={Waterfall: An incremental approach for repairing record-replay tests of web applications},
  author={Hammoudi, Mouna and Rothermel, Gregg and Stocco, Andrea},
  booktitle={Proceedings of the 2016 24th ACM SIGSOFT International Symposium on Foundations of Software Engineering},
  pages={751--762},
  year={2016},
  organization={ACM}
}

@article{leotta2016robula+,
  title={ROBULA+: An algorithm for generating robust XPath locators for web testing},
  author={Leotta, Maurizio and Stocco, Andrea and Ricca, Filippo and Tonella, Paolo},
  journal={Journal of Software: Evolution and Process},
  volume={28},
  number={3},
  pages={177--204},
  year={2016},
  publisher={Wiley Online Library}
}

@inproceedings{stocco2018visual,
  title={Visual web test repair},
  author={Stocco, Andrea and Yandrapally, Rahulkrishna and Mesbah, Ali},
  booktitle={Proceedings of the 2018 26th ACM Joint Meeting on European Software Engineering Conference and Symposium on the Foundations of Software Engineering},
  pages={503--514},
  year={2018},
  organization={ACM}
}

@inproceedings{leotta2014reducing,
  title={Reducing web test cases aging by means of robust XPath locators},
  author={Leotta, Maurizio and Stocco, Andrea and Ricca, Filippo and Tonella, Paolo},
  booktitle={SBST},
  pages={449--454},
  year={2014},
  organization={IEEE}
}
@inproceedings{yandrapally2014robust,
  title={Robust test automation using contextual clues},
  author={Yandrapally, Rahulkrishna and Thummalapenta, Suresh and Sinha, Saurabh and Chandra, Satish},
  booktitle={Proceedings of the 2014 International Symposium on Software Testing and Analysis},
  pages={304--314},
  year={2014},
  organization={ACM}
}


@article{Pawlik2011,
  title={{RTED: a robust algorithm for the tree edit distance}},
  author={Pawlik, Mateusz and Augsten, Nikolaus},
  journal={Proceedings of the VLDB Endowment},
  volume={5},
  number={4},
  pages={334--345},
  year={2011}, 
}

@inproceedings{Kumar2011_FTM,
 author = {Kumar, Ranjitha and Talton, Jerry O. and Ahmad, Salman and Roughgarden, Tim and Klemmer, Scott R.},
 title = {{Flexible tree matching}},
 booktitle = {Proceedings of the Twenty-Second International Joint Conference on Artificial Intelligence (AAAI)}, 
 year = {2011}, 
} 

@inproceedings{reis2004automatic,
  title={Automatic web news extraction using tree edit distance},
  author={Reis, Davi de Castro and Golgher, Paulo Braz and Silva, Altigran Soares and Laender, AlbertoF},
  booktitle={Proceedings of the 13th international conference on World Wide Web},
  pages={502--511},
  year={2004},
  organization={ACM}
}

@inproceedings{fokaefs2011empirical,
  title={An empirical study on web service evolution},
  author={Fokaefs, Marios and Mikhaiel, Rimon and Tsantalis, Nikolaos and Stroulia, Eleni and Lau, Alex},
  booktitle={2011 IEEE International Conference on Web Services},
  pages={49--56},
  year={2011},
  organization={IEEE}
}

@inproceedings{hao2007web,
  title={Web services discovery based on schema matching},
  author={Hao, Yanan and Zhang, Yanchun},
  booktitle={Proceedings of the thirtieth Australasian conference on Computer science-Volume 62},
  pages={107--113},
  year={2007},
  organization={Australian Computer society, Inc.}
}

@inproceedings{yao2013answer,
  title={Answer extraction as sequence tagging with tree edit distance},
  author={Yao, Xuchen and Van Durme, Benjamin and Callison-Burch, Chris and Clark, Peter},
  booktitle={Proceedings of the 2013 conference of the North American chapter of the association for computational linguistics: human language technologies},
  pages={858--867},
  year={2013}
}

@inproceedings{zhai2005web,
  title={Web data extraction based on partial tree alignment},
  author={Zhai, Yanhong and Liu, Bing},
  booktitle={Proceedings of the 14th international conference on World Wide Web},
  pages={76--85},
  year={2005},
  organization={ACM}
}
@article{jiang1995alignment,
  title={Alignment of trees—an alternative to tree edit},
  author={Jiang, Tao and Wang, Lusheng and Zhang, Kaizhong},
  journal={Theoretical Computer Science},
  volume={143},
  number={1},
  pages={137--148},
  year={1995},
  publisher={Elsevier}
}
@inproceedings{valiente2001efficient,
  title={An Efficient Bottom-Up Distance between Trees.},
  author={Valiente, Gabriel},
  booktitle={spire},
  pages={212--219},
  year={2001}
}

@article{stocco2017apogen,
  title={APOGEN: automatic page object generator for web testing},
  author={Stocco, Andrea and Leotta, Maurizio and Ricca, Filippo and Tonella, Paolo},
  journal={Software Quality Journal},
  volume={25},
  number={3},
  pages={1007--1039},
  year={2017},
  publisher={Springer}
}

@inproceedings{bringmann2018tree,
  title={Tree edit distance cannot be computed in strongly subcubic time (unless APSP can)},
  author={Bringmann, Karl and Gawrychowski, Pawe{\l} and Mozes, Shay and Weimann, Oren},
  booktitle={Proceedings of the Twenty-Ninth Annual ACM-SIAM Symposium on Discrete Algorithms},
  pages={1190--1206},
  year={2018},
  organization={Society for Industrial and Applied Mathematics}
}
@article{zhang1995algorithms,
  title={Algorithms for the constrained editing distance between ordered labeled trees and related problems},
  author={Zhang, Kaizhong},
  journal={Pattern recognition},
  volume={28},
  number={3},
  pages={463--474},
  year={1995},
  publisher={Elsevier}
}

@article{zhang1996constrained,
  title={A constrained edit distance between unordered labeled trees},
  author={Zhang, Kaizhong},
  journal={Algorithmica},
  volume={15},
  number={3},
  pages={205--222},
  year={1996},
  publisher={Springer}
}
@inproceedings{jiang1994alignment,
  title={Alignment of trees—an alternative to tree edit},
  author={Jiang, Tao and Wang, Lusheng and Zhang, Kaizhong},
  booktitle={Annual Symposium on Combinatorial Pattern Matching},
  pages={75--86},
  year={1994},
  organization={Springer}
}
@article{selkow1977tree,
  title={The tree-to-tree editing problem},
  author={Selkow, Stanley M},
  journal={Information processing letters},
  volume={6},
  number={6},
  pages={184--186},
  year={1977},
  publisher={Elsevier}
}



@article{kipf2016semi,
  title={Semi-supervised classification with graph convolutional networks},
  author={Kipf, Thomas N and Welling, Max},
  journal={arXiv preprint arXiv:1609.02907},
  year={2016}
}

@article{christen2011survey,
  title={A survey of indexing techniques for scalable record linkage and deduplication},
  author={Christen, Peter},
  journal={IEEE transactions on knowledge and data engineering},
  volume={24},
  number={9},
  pages={1537--1555},
  year={2011},
  publisher={IEEE}
}

@inproceedings{steorts2014comparison,
  title={A comparison of blocking methods for record linkage},
  author={Steorts, Rebecca C and Ventura, Samuel L and Sadinle, Mauricio and Fienberg, Stephen E},
  booktitle={International Conference on Privacy in Statistical Databases},
  pages={253--268},
  year={2014},
  organization={Springer}
}

@inproceedings{datar2004locality,
  title={Locality-sensitive hashing scheme based on p-stable distributions},
  author={Datar, Mayur and Immorlica, Nicole and Indyk, Piotr and Mirrokni, Vahab S},
  booktitle={Proceedings of the twentieth annual symposium on Computational geometry},
  pages={253--262},
  year={2004},
  organization={ACM}
}

@article{metropolis1953equation,
  title={Equation of state calculations by fast computing machines},
  author={Metropolis, Nicholas and Rosenbluth, Arianna W and Rosenbluth, Marshall N and Teller, Augusta H and Teller, Edward},
  journal={The journal of chemical physics},
  volume={21},
  number={6},
  pages={1087--1092},
  year={1953},
  publisher={AIP}
}


@article{pawlik2016tree,
  title={Tree edit distance: Robust and memory-efficient},
  author={Pawlik, Mateusz and Augsten, Nikolaus},
  journal={Information Systems},
  volume={56},
  pages={157--173},
  year={2016},
  publisher={Elsevier}
}

@inproceedings{hammoudi2016record,
  title={Why do record/replay tests of web applications break?},
  author={Hammoudi, Mouna and Rothermel, Gregg and Tonella, Paolo},
  booktitle={ICST},
  pages={180--190},
  year={2016},
  organization={IEEE}
}

@inproceedings{burg2013interactive,
  title={Interactive record/replay for web application debugging},
  author={Burg, Brian and Bailey, Richard and Ko, Andrew J and Ernst, Michael D},
  booktitle={UIST},
  pages={473--484},
  year={2013}
}
@inproceedings{sen2013jalangi,
  title={Jalangi: a selective record-replay and dynamic analysis framework for JavaScript},
  author={Sen, Koushik and Kalasapur, Swaroop and Brutch, Tasneem and Gibbs, Simon},
  booktitle={FSE},
  pages={488--498},
  year={2013}
}

@inproceedings{mickens2010mugshot,
  title={Mugshot: Deterministic Capture and Replay for JavaScript Applications.},
  author={Mickens, James W and Elson, Jeremy and Howell, Jon},
  booktitle={NSDI},
  volume={10},
  pages={159--174},
  year={2010}
}

@misc{brisset2020sftm,
    title={{SFTM: Fast Comparison of Web Documents using Similarity-based Flexible Tree Matching}},
    author={Sacha Brisset and Romain Rouvoy and Renaud Pawlak and Lionel Seinturier},
    year={2020},
    eprint={2004.12821},
    archivePrefix={arXiv},
    primaryClass={cs.DB},
    note = {arXiv},
}

@inproceedings{chang2010gui,
  title={GUI testing using computer vision},
  author={Chang, Tsung-Hsiang and Yeh, Tom and Miller, Robert C},
  booktitle={CHI},
  pages={1535--1544},
  year={2010}
}

@inproceedings{alegroth2013jautomate,
  title={JAutomate: A tool for system-and acceptance-test automation},
  author={Alegroth, Emil and Nass, Michel and Olsson, Helena H},
  booktitle={ICST},
  pages={439--446},
  year={2013},
  organization={IEEE}
}

@article{leotta2018pesto,
  title={Pesto: Automated migration of DOM-based Web tests towards the visual approach},
  author={Leotta, Maurizio and Stocco, Andrea and Ricca, Filippo and Tonella, Paolo},
  journal={STVR},
  volume={28},
  number={4},
  pages={e1665},
  year={2018},
  publisher={Wiley}
}

@inproceedings{grechanik2009maintaining,
  title={Maintaining and evolving GUI-directed test scripts},
  author={Grechanik, Mark and Xie, Qing and Fu, Chen},
  booktitle={ICSE},
  pages={408--418},
  year={2009},
  organization={IEEE}
}

@inproceedings{zhang2013automatically,
  title={Automatically repairing broken workflows for evolving GUI applications},
  author={Zhang, Sai and L{\"u}, Hao and Ernst, Michael D},
  booktitle={ISSTA},
  pages={45--55},
  year={2013}
}

@article{memon2008automatically,
  title={Automatically repairing event sequence-based GUI test suites for regression testing},
  author={Memon, Atif M},
  journal={TOSEM},
  volume={18},
  number={2},
  pages={1--36},
  year={2008},
  publisher={ACM}
}

@article{gao2015sitar,
  title={Sitar: Gui test script repair},
  author={Gao, Zebao and Chen, Zhenyu and Zou, Yunxiao and Memon, Atif M},
  journal={TSE},
  volume={42},
  number={2},
  pages={170--186},
  year={2015},
  publisher={IEEE}
}

@inproceedings{daniel2011reassert,
  title={ReAssert: a tool for repairing broken unit tests},
  author={Daniel, Brett and Dig, Danny and Gvero, Tihomir and Jagannath, Vilas and Jiaa, Johnston and Mitchell, Damion and Nogiec, Jurand and Tan, Shin Hwei and Marinov, Darko},
  booktitle={ICSE},
  pages={1010--1012},
  year={2011}
}

@inproceedings{daniel2010test,
  title={On test repair using symbolic execution},
  author={Daniel, Brett and Gvero, Tihomir and Marinov, Darko},
  booktitle={ISSTA},
  pages={207--218},
  year={2010}
}

@inproceedings{cerberus-icst20,
author = {Antoine Craske},
title = {Cerberus: an Automated Tool for Continuous Testing},
booktitle = {ICST},
year = 2020,
note = {tool demonstration}
}